2967 5209
234 479 307 559 378
672 505 910 554 comeranus

233 702 374 758 curasse,
397 681 484 766 quod
502 679 540 743 in
560 678 629 743 eius
652 679 780 765 templo
801 699 873 742 rem
893 677 954 742 illa
975 697 1053 740 cum
1077 675 1202 741 Theseo
1219 673 1356 741 habuis·

233 804 291 858 set.
339 791 452 877 ltaque
474 782 576 879 ἔσχε,
599 791 741 869 detinuit,
763 790 861 855 illam
877 785 993 866 Diana,
1008 788 1133 853 scilicet
1143 798 1289 852 mortem
1300 786 1358 850 in·

234 902 387 970 ferendo:
412 904 559 968 detinuit
580 916 693 969 autem
712 903 759 968 sic
778 903 816 968 in
837 901 958 968 Bacchi
979 899 1140 989 gratiam,
1165 924 1203 966 ac
1219 898 1357 964 fortasse

233 1018 282 1087 ibi
304 1018 507 1104 quaerendus
532 1015 608 1082 fons
624 1017 760 1105 mythi,
783 1038 850 1101 quo
869 1025 998 1081 retente
1019 1013 1094 1081 illic
1117 1012 1296 1092 ferebatur,
1314 1023 1358 1076 ut

234 1130 352 1195 bacchi
377 1129 503 1193 coniux
524 1139 615 1194 esset.
649 1126 748 1196 Cous.
768 1126 910 1193 Sabinus
929 1127 992 1215 Ep.
1012 1126 1055 1192 ll.
1081 1129 1121 1191 tl
1144 1148 1209 1212 seq.
1254 1124 1357 1214 Apud

233 1243 418 1309 Homerum
438 1240 574 1328 quidem
596 1241 630 1308 d.
648 1242 674 1307 l.
701 1262 786 1320 non,
808 1252 848 1304 ut
871 1239 998 1305 coniux
1016 1239 1169 1327 Dionysi,
1190 1238 1246 1305 sed
1267 1238 1359 1303 inter

233 1357 423 1421 demortuus
441 1353 555 1441 prodit
577 1353 741 1419 heroinas.
787 1353 882 1420 Facit
897 1353 999 1418 etiam
1014 1353 1136 1420 Aratus
1148 1376 1181 1419 v.
1203 1354 1257 1419 72.
1275 1352 1357 1429 eius,

234 1480 273 1533 ut
295 1477 464 1544 mortuae,
503 1466 729 1545 mentionem,
770 1463 972 1552 fueruntque
995 1466 1137 1531 omnino
1166 1467 1296 1530 multae
1320 1486 1360 1528 ac

148 1552 152 1565 .
234 1581 344 1644 variae
362 1580 404 1643 de
423 1577 542 1647 morbo
561 1600 597 1641 ac
616 1558 728 1642 ¹morte
747 1577 817 1643 eius
837 1577 1043 1656 traditiones,
1061 1575 1260 1663 quibusdam
1277 1576 1360 1640 adeo

233 1703 401 1757 mortuam
426 1710 499 1754 eam
517 1700 593 1776 post
610 1689 808 1776 coniugium
822 1711 900 1754 cum
916 1690 1044 1755 Baccho
1058 1687 1244 1755 ferentibus
1265 1687 1359 1778 (Vid.

234 1801 403 1867 Plutarch.
431 1801 456 1865 l.
478 1823 506 1865 c.
527 1800 665 1866 Pausan.
681 1801 725 1866 II.
748 1801 802 1867 23.
822 1823 867 1866 ex
885 1801 1084 1889 Pherecyde.
1104 1796 1216 1868 Schol.
1231 1801 1272 1866 ad
1292 1798 1360 1866 Od.

234 1914 275 1978 Α.
299 1915 374 1979 320.
404 1924 439 1978 et
469 1912 622 1979 Euetath.
650 1935 685 2001 p.
709 1914 806 1979 1688.
838 1911 923 2001 49),
953 1915 1107 2000 quamvis
1126 1916 1229 2001 vulgo
1253 1913 1363 2001 magis

234 2025 427 2092 Hesiodeam
449 2049 482 2092 v.
501 2027 579 2093 949.
595 2026 812 2091 traditionem
829 2028 933 2091 secuti
946 2025 1016 2091 sint
1030 2027 1074 2092 tle
1089 2024 1175 2092 facta
1188 2027 1227 2091 in
1240 2027 1363 2092 Bacchi

233 2140 377 2229 gratiam
404 2141 594 2205 immortali
614 2139 772 2206 Ariadna.
802 2140 881 2208 Vid.
906 2138 1007 2206 Ovid.
1035 2141 1096 2208 Ill.
1124 2142 1161 2207 F.
1185 2143 1251 2206 sto
1270 2162 1362 2228 seqq.

234 2254 385 2340 Propert.
411 2252 471 2317 Ill.
491 2252 565 2318 XV.
587 2255 618 2318 7.
645 2253 759 2338 ibique
781 2252 931 2319 Broukh.
952 2253 1077 2341 Hygin.
1099 2253 1127 2320 f.
1149 2256 1226 2320 224.
1247 2253 1364 2339 ibique

234 2366 306 2433 VV.
332 2365 403 2431 DD.
437 2365 581 2431 Videtur
600 2378 710 2430 autem
731 2365 891 2431 Hesiodus
911 2365 958 2430 ita
981 2366 1168 2446 tradidisse,
1186 2367 1362 2453 quodiam

233 2489 309 2542 tum
332 2475 579 2540 celebrarentur
599 2476 636 2540 in
655 2476 820 2541 honorem
846 2478 1011 2543 Ariadnae
1030 2477 1130 2558 festa,
1154 2481 1253 2567 quale
1276 2480 1361 2544 cele-

233 2589 369 2654 bratum
399 2587 488 2675 apud
510 2586 677 2654 Oenionas
702 2589 877 2654 Locrenses
896 2587 1014 2669 fuisse,
1038 2613 1104 2677 quo
1129 2592 1184 2656 die
1203 2590 1359 2655 fluctibus

235 2701 275 2766 ad
298 2720 353 2763 eos
369 2700 519 2764 delatum
541 2699 674 2764 Hesiodi
696 2700 845 2780 cadaver,
869 2703 997 2768 Auctor
1017 2703 1173 2792 perhibet
1195 2702 1362 2771 Certami-

235 2814 289 2878 nis
310 2813 449 2879 Homeri
470 2823 504 2878 et
525 2812 670 2879 Hesiodi.
717 2811 781 2878 Sed
799 2815 899 2879 sacris
918 2818 1046 2881 cultam
1065 2817 1203 2881 etiama
1224 2814 1366 2904 Cypriis

235 2939 268 2991 et
292 2926 409 2992 Naxiis
430 2925 619 2992 Ariadnam·
636 2948 680 2991 ex
699 2926 881 2993 Plutarcho
904 2930 928 2994 1.
950 2950 978 2995 c.
1003 2928 1120 3008 discas3
1140 2928 1284 3014 illaque,
1305 2949 1365 2992 seu

235 3060 357 3103 corona
391 3037 477 3116 eius,
508 3038 597 3124 quod
630 3040 668 3103 in
697 3041 790 3104 coelo
823 3040 968 3118 luceret,
1002 3039 1108 3118 dicta,
1138 3050 1179 3103 ut
1204 3039 1364 3117 videtur,

236 3138 394 3238 'Apidanos
416 3149 645 3228 Cretensibus,
669 3173 753 3237 quae
773 3151 877 3239 glossa
899 3162 949 3216 est
970 3150 1141 3239 Hesychii.
1167 3188 1212 3200 -
1242 3150 1366 3217 Bacchi

236 3277 270 3330 et
290 3266 456 3331 Ariadnae
469 3263 577 3340 ·filios,
603 3287 684 3351 quos
704 3276 896 3332 memorant
916 3264 1028 3331 Schol.
1048 3265 1221 3353 Apollonii
1237 3265 1303 3331 Rh.
1320 3265 1364 3330 ad

237 3378 297 3444 Ill.
322 3379 398 3442 996.
422 3376 557 3455 etalii,
580 3376 746 3464 ignorasse
768 3376 928 3443 Hesiodus
949 3378 1093 3445 videtur.

282 3601 388 3667 Versu
419 3603 493 3668 947.
526 3600 654 3666 dicitur
687 3593 962 3691 χρυσοκόμης
984 3602 1153 3690 Dionysus
1172 3614 1207 3667 et
1229 3587 1365 3682 ξανθὴ

237 3715 393 3782 Ariadna.
439 3714 574 3782 Scilicet
599 3713 686 3780 flaua
711 3737 807 3788 coma
829 3712 982 3802 pulcrior
1004 3712 1201 3778 habebatur.
1247 3712 1364 3798 ltaque

237 3842 272 3895 et
290 3829 396 3894 Amor
418 3816 636 3918 χρυσοκόμας
657 3828 785 3892 dicitur
808 3827 895 3915 apud
917 3825 1118 3913 Euripidem
1131 3825 1207 3913 Iph.
1229 3825 1266 3889 in
1281 3825 1361 3891 Aul.

238 3964 270 4009 v.
290 3945 366 4008 538.
387 3941 602 4008 Mirationem
622 3941 727 4029 igitur
748 3939 846 4020 facit,
875 3940 963 4027 quod
988 3939 1086 4004 Hom.
1118 3938 1159 4004 11.
1184 3938 1223 4004 in
1243 3937 1362 4004 Bacch.

238 4079 270 4122 v.
300 4058 331 4125 4.
356 4059 387 4120 5.
419 4052 524 4118 huius
550 4053 611 4119 Dei
643 4039 757 4139 ἔθειραι
782 4042 917 4118 κυάνεαι
948 4062 1190 4117 memorantur.
1237 4049 1363 4115 Passim

240 4180 351 4233 autem
380 4165 525 4232 1111111111
547 4189 564 4231 1
586 4187 680 4230 coma
702 4167 924 4253 praedicatur.
972 4161 1027 4229 Sic
1048 4154 1250 4252 ὠρυχωὶταν
1270 4160 1365 4226 dixit

240 4280 401 4345 Pindarus
423 4280 542 4347 lsthm.
563 4280 638 4347 Vll.
657 4281 676 4343 4
699 4301 763 4365 seq.
789 4275 887 4344 Conf.
904 4275 1051 4343 Broukh.
1069 4277 1108 4341 ad
1121 4274 1194 4339 Tib.
1210 4275 1235 4338 l.
1247 4273 1306 4340 lv.
1329 4275 1362 4338 9.
1395 4303 1400 4317 ·
