2967 5209
479 504 510 550 m
536 504 661 552 1111110111
687 502 901 551 1110001111.
1172 480 1243 553 256

116 678 206 743 111101
226 676 431 741 anteriorem
455 676 623 741 leoninam
649 688 682 741 et
702 677 920 764 posteriorem
943 675 1133 771 anguinum,
1155 679 1243 763 quod

113 789 320 853 ridiculum:
354 799 406 867 at,
426 788 564 853 remotis
585 789 626 852 iis
648 787 815 866 versibus,
839 788 1013 854 commode
1033 787 1159 852 dicitur
1184 812 1245 877 per

115 902 184 967 tria
204 924 265 967 ora
287 900 397 988 ignem
424 900 561 988 spirare.
588 897 687 966 Cous.
707 899 878 965 Muetzell.
899 922 934 987 p.
959 900 1024 965 454
1040 922 1126 986 seqq.

163 1148 197 1192 v.
226 1127 292 1192 325
315 1125 377 1192 vix
402 1126 600 1192 Hesiodeum
615 1125 746 1190 censuit
766 1125 918 1212 Heyuius
933 1126 972 1191 in
990 1128 1052 1213 Ep.
1075 1127 1115 1190 ad
1131 1123 1243 1195 Wolf.

114 1259 214 1303 causa
236 1236 356 1302 iudicii
375 1260 445 1302 uon
464 1236 586 1303 addita.
633 1237 826 1303 Muetzellio
846 1251 957 1304 autem
976 1263 1012 1328 p.
1036 1240 1110 1306 461.
1135 1261 1247 1305 versus

115 1351 244 1416 iustam
273 1369 409 1415 movere
432 1349 705 1436 interpolationis
737 1351 880 1437 speciem
909 1352 1060 1430 videtur,
1094 1374 1173 1417 cum
1204 1374 1247 1417 ex

115 1463 253 1552 vulgari
283 1462 464 1528 traditione
500 1462 742 1550 Bellerophon,
777 1464 894 1552 Pegaso
925 1463 1063 1550 quidem
1098 1463 1247 1529 insidens

119 1578 207 1668 (vid.
226 1576 381 1663 Apollod.
408 1575 452 1642 ΙΙ.
482 1575 542 1639 lll.
563 1578 625 1663 2.),
650 1575 816 1643 sed'solus
838 1574 1053 1642 Chimaeram
1072 1554 1245 1641 occiderit.

119 1690 168 1757 At
182 1711 260 1757 vero
269 1689 416 1776 Pegasus,
427 1689 524 1753 dorso
535 1686 831 1773 Bellerophontem
841 1688 1023 1776 excipiens,
1038 1688 1085 1753 sic
1099 1688 1137 1753 in
1152 1710 1247 1753 causa

27 1816 37 1829 ¹
117 1802 206 1881 fuit,
229 1813 268 1867 ut
289 1792 466 1868 Chimaera
489 1801 751 1878 interficeretur,
779 1812 983 1888 possuntque
1003 1800 1106 1867 etiam
1127 1800 1164 1864 in
1190 1823 1249 1865 ve-

116 1914 187 1982 teri
207 1914 348 2002 mytho,
373 1935 474 2000 quem
495 1912 604 1978 obiter
622 1912 679 1977 hic
704 1913 815 2001 tangit
841 1912 1018 1992 Hesiodus,
1044 1924 1249 1979 memoratae

119 2026 223 2094 fuisse
250 2028 289 2093 in
317 2025 522 2092 conficienda
543 2025 657 2092 bellua
683 2038 794 2113 partes
821 2026 951 2114 Pegasi,
974 2015 1186 2109 λακτίζοντας
1216 2035 1250 2089 01
1303 2088 1308 2107 ,
1407 2072 1415 2083 .

116 2138 343 2206 conculcantis
361 2161 445 2203 eam.

166 2389 199 2432 v.
229 2366 305 2432 326.
339 2352 413 2445 ἡ6’
437 2353 504 2451 lips
525 2358 597 2429 Φῖκ’
622 2355 714 2446 620111
739 2353 816 2429 τέκε
840 2364 878 2428 Κ.
899 2354 965 2450 ὄλ.)
996 2365 1128 2430 collatis
1148 2385 1249 2452 supra

118 2479 270 2547 versibus
292 2480 368 2546 289.
394 2479 472 2545 295.
495 2480 571 2545 316.
595 2481 672 2546 319.
696 2490 761 2557 est,
786 2489 825 2544 ut
848 2478 1002 2543 videatur
1028 2477 1083 2543 1110
1103 2468 1121 2556 ἡ
1142 2464 1174 2543 d’
1189 2498 1249 2564 op·

119 2595 273 2682 positum
292 2594 459 2682 superiori
484 2592 530 2683 (v.
552 2596 644 2681 325.)
666 2585 722 2674 ‘rip
743 2585 805 2675 μὲν
824 2592 865 2657 ad
883 2590 1080 2657 Chimaerae
1104 2602 1248 2654 matrem

120 2705 313 2773 Echidnam
337 2705 552 2771 referendum
573 2727 654 2783 esse,
682 2728 766 2792 quae
792 2705 839 2769 sic
863 2715 970 2769 mater
993 2701 1095 2768 fuisse
1116 2702 1249 2767 dicatur

119 2819 226 2884 etiam
242 2817 404 2905 Sphingis
423 2829 456 2882 et
473 2817 626 2883 Nemeaei
646 2817 770 2896 leonis,
788 2840 857 2882 non
877 2814 1073 2893 Chimaera,
1095 2827 1135 2879 ut
1154 2814 1248 2880 adh.

74 2979 82 2996 .
120 2934 147 2999 l.
165 2930 378 3010 Scholiastae,
399 2931 444 2998 lo.
466 2930 613 2996 Diacono
628 2940 661 2994 et
680 2929 811 2993 auctori
834 2927 994 2991 carminis
1016 2926 1058 2990 de
1082 2924 1250 2990 Laudibus

121 3045 275 3111 Herculis
295 3068 328 3110 v.
350 3045 406 3112 76.
429 3037 1184 3132 (1111106111Ι.0111111Μ11101.111101111601111Τ.
1207 3034 1249 3123 l.)

121 3158 264 3247 placuit,
278 3158 365 3222 sicut
384 3158 468 3221 item
481 3166 594 3242 postea
605 3152 804 3219 Mombritio
815 3163 848 3217 et
862 3149 1028 3215 recentius
1045 3147 1199 3214 Claverio
1210 3148 1251 3212 ad
1369 3230 1370 3233 Ἴ

124 3272 281 3360 Apollod.
294 3272 333 3337 T.
349 3272 391 3337 ll.
410 3293 445 3358 p.
458 3271 534 3335 258.
557 3290 618 3333 1100
634 3291 703 3333 non
725 3266 920 3331 Hermanno
930 3263 1054 3351 Opusc.
1069 3261 1112 3326 lt.
1124 3284 1161 3349 p.
1176 3263 1251 3327 183.

121 3397 158 3451 at
182 3406 288 3473 neque
316 3385 449 3473 Heynio
475 3385 517 3448 ad
547 3381 706 3469 Apollod.
730 3378 824 3446 Obss.
852 3402 887 3467 p.
909 3378 984 3443 242.
1007 3398 1112 3463 neque
1134 3374 1251 3441 Vossio

122 3501 211 3588 Epp.
242 3498 390 3586 Mythol.
420 3498 459 3564 T.
488 3497 534 3561 11.
562 3518 597 3584 p.
626 3498 679 3559 23.
705 3492 858 3559 Thebani
883 3504 915 3558 et
933 3489 1086 3558 Nemeaei
1105 3487 1251 3554 monstri

121 3625 269 3678 matrem
299 3611 485 3678 Echidnam
508 3586 684 3699 prodidere
704 3610 807 3675 etiam
837 3609 993 3695 Apollod.
1023 3605 1067 3671 ll.
1098 3604 1140 3673 V.
1165 3606 1193 3668 l.
1217 3612 1251 3666 01

122 3727 185 3791 III.
196 3725 239 3792 V.
253 3728 286 3791 8.
305 3724 459 3813 Hyginus
469 3720 575 3810 praef.
595 3745 631 3810 p.
648 3722 699 3786 12.
710 3720 780 3809 pr„
796 3721 851 3785 sed
870 3731 1002 3807 patrem
1015 3716 1248 3803 Typhaonem,

122 3838 162 3905 in
178 3840 243 3904 boc
260 3839 344 3904 alios
362 3834 483 3914 secuti,
504 3857 607 3921 quam
629 3833 827 3911 Hesiodum,
850 3841 1015 3906 auctores,
1040 3849 1084 3891 ex
1105 3847 1251 3912 quorum

123 3951 307 4021 traditione
324 3951 428 4017 etiam
447 3948 485 4013 in
504 3946 639 4012 Scholia
657 3946 746 4011 adh.
766 3948 789 4011 l.
808 3944 939 4008 invecta
954 3953 1002 4006 est
1018 3940 1082 4005 illa
1092 3938 1250 4026 Typhao·

124 4067 178 4131 nis
199 4066 342 4145 1110111111,
364 4082 542 4152 perperam
568 4059 658 4124 haud
685 4059 802 4136 dubie,
831 4079 910 4121 cum
928 4057 1026 4143 poeta
1045 4052 1166 4119 diserte
1186 4049 1251 4117 Or-

125 4181 227 4245 tbum
247 4176 348 4243 faciat
367 4174 530 4265 Sphingis
549 4164 583 4237 01
600 4172 752 4237 Nemeaei
770 4170 876 4236 leonis
893 4180 1037 4257 patrem.

171 4291 330 4357 Cadmeos
361 4311 418 4353 seu
444 4286 619 4352 Thebanos
647 4282 821 4348 infestavit
844 4293 1054 4359 monstrum,
1087 4279 1252 4344 recentius
