2967 5209
489 500 521 544 m
545 496 670 545 sesmm
694 494 908 543 rusoeonnu.
982 526 985 531 >
1189 466 1261 541 205

134 689 253 735 mares.
300 668 448 756 Namque
478 671 516 735 in
536 670 700 736 Themide
722 681 811 735 certe
833 680 867 733 et
885 660 1104 752 Mnemosyne
1125 651 1263 742 δεινότης
1335 685 1339 693 ’

133 781 289 883 illa‘non
321 778 409 856 suit,
436 804 543 870 neque
563 805 664 848 causa.
683 779 865 869 excogitari
883 789 1008 868 potest,
1027 800 1089 842 cur
1109 798 1162 841 eas
1185 776 1263 841 odio

130 905 231 981 pater
250 884 427 960 habuerit.¹
449 894 513 961 Sed
533 902 595 984 p'ro
613 898 716 962 altera
736 894 953 961 construendi
972 893 1103 957 ratione
1123 900 1262 979 pugnat,

130 1005 223 1092 quod
244 1005 403 1072 Hesiodus
424 1006 517 1073 infra
537 1031 570 1075 v.
591 1011 654 1074 617
675 1031 762 1095 seqq.
785 1008 912 1075 vinctos
936 1017 1034 1093 atque
1055 1005 1093 1070 in
1118 1002 1265 1069 tenebris

16 1176 18 1182 2
131 1117 197 1182 sub
219 1130 308 1184 terra
330 1119 459 1185 abditos
479 1145 498 1186 a
515 1104 612 1210 patre
637 1121 870 1199 Centimanos,
888 1121 970 1185 item
992 1141 1024 1184 v.
1045 1120 1119 1184 502.
1144 1115 1264 1203 Cyclo·
1371 1191 1373 1195 ¹

130 1254 211 1321 pas,
246 1255 315 1297 non
351 1256 430 1298 vero
455 1235 537 1300 alios
557 1247 738 1313 memorat,
772 1235 893 1327 quibus
919 1244 1136 1299 consentanea
1163 1227 1266 1293 habet

132 1346 362 1434 Apollodorus
396 1346 423 1415 Ι.
450 1350 479 1414 1.
511 1332 624 1434 (Cous.
659 1357 693 1413 et
721 1348 769 1412 Io.
796 1341 974 1432 Diaconus)
999 1364 1104 1428 neque
1128 1347 1265 1428 apparet

16 1486 18 1523 ς
133 1459 257 1537 etiam,
291 1461 476 1546 quomodo,
510 1461 539 1525 si
558 1461 634 1538 illi,
661 1461 720 1548 qui
750 1460 884 1525 Titanes
911 1468 1023 1546 postea
1055 1454 1139 1519 dicti
1167 1463 1262 1530 sunt,

17 1612 19 1635 :
134 1556 220 1636 item
250 1571 393 1637 abstrusi
419 1572 554 1660 penitus
589 1574 629 1637 in
654 1583 780 1637 terram
812 1569 958 1651 fuerint,
986 1592 1022 1633 ea
1052 1570 1131 1632 cu'm
1158 1575 1265 1629 matre

16 1727 19 1738 ·
134 1684 226 1749 inire
244 1694 278 1748 et
301 1684 458 1770 perficere
475 1685 615 1751 consilia
635 1685 827 1772 potuerint,
851 1705 934 1770 quae
952 1682 1106 1768 deinceps
1124 1699 1266 1742 narran-

17 1836 19 1861 5
133 1807 205 1862 tur.
238 1795 323 1864 Vide
342 1796 502 1884 inprimis
524 1821 556 1864 v.
581 1798 655 1863 174.
683 1800 759 1863 189.
804 1796 993 1862 Fatendum
1019 1805 1133 1858 tamen
1153 1801 1217 1869 est,
1237 1790 1265 1854 si

17 1960 18 1970 ,
132 1897 314 1975 δεινότατοι
342 1910 456 1996 primo
477 1909 515 1974 in
542 1910 789 1975 constructione
808 1911 881 1974 loco
904 1908 1101 1996 ponendum
1120 1906 1181 1984 sit,
1207 1902 1266 1969 ob-

16 2068 18 2075 .
131 2023 264 2087 scurius
290 2022 346 2086 hic
372 2024 526 2087 locutum
553 2045 618 2088 esse
646 2024 798 2110 potitam,
828 2023 961 2087 inverso
986 2021 1074 2085 iusto
1105 2016 1267 2083 orationis

17 2199 18 2203 ,
132 2135 266 2202 ordine.
299 2134 475 2214 Ceterum,
498 2146 576 2200 utro
595 2136 696 2200 modo
711 2146 892 2213 construas,
914 2133 1130 2199 offensionem
1150 2151 1267 2218 parere

17 2276 18 2279 ¹
133 2272 208 2315 non
227 2248 325 2315 debet
347 2250 563 2315 intellectum
585 2230 678 2330 ἦσαν.
712 2247 813 2314 Abest
833 2246 975 2313 verbum
995 2244 1156 2311 similiter
1177 2240 1267 2329 apud

132 2362 324 2428 Homerum
352 2362 394 2429 ll.
428 2361 467 2428 Δ.
498 2365 574 2428 328.
600 2350 697 2447 ἀμφὶ
721 2349 752 2426 d'
777 2347 938 2438 Ἀθηναῖοι
964 2346 1130 2446 μήστωρες
1153 2344 1268 2433 duris

133 2477 177 2544 Ε.
198 2477 287 2554 268,
311 2476 390 2556 ubi,
414 2476 587 2542 mentione
607 2496 771 2563 equorum
790 2475 918 2539 Aeneae
940 2471 1045 2550 facta,
1069 2493 1138 2536 non
1164 2491 1268 2558 prae-

132 2588 272 2653 cedente
289 2589 511 2669 nominativo,
536 2589 687 2676 sequitur
709 2575 812 2651 οὕνεκ’
844 2576 972 2674 ἄριστοι
997 2573 1145 2666 Ἵππων,
1174 2572 1268 2649 ὅσσοι

133 2691 229 2765 ’ἔασιν
261 2693 318 2764 ὑπ’
353 2690 396 2781 ἠῶ
430 2695 464 2765 τ’
494 2692 596 2783 ἠέλιόν
626 2717 684 2783 τε,
719 2698 783 2766 Od.
819 2702 857 2768 E.
882 2702 961 2768 238.
993 2687 1098 2787 mirdp
1122 2682 1268 2781 1ναύτῷ

133 2808 299 2878 Errenesis*
322 2810 518 2901 περικαλλὲς
540 2839 583 2881 sc.
608 2794 656 2896 ἦν,
678 2837 737 2879 nec
761 2814 904 2902 proinde
930 2836 1015 2902 opus
1034 2823 1100 2892 est,
1125 2822 1267 2888 ut,'ex·
1348 2830 1353 2839 ·

135 2936 267 3014 puncto
289 2914 319 2992 d
340 2940 418 2993 ante
440 2916 597 3017 ἤχθοντο,
620 2950 700 2992 cum
724 2925 857 3014 Guyeto
880 2948 1014 2992 versum
1037 2924 1137 2989 hiatu
1149 2934 1269 2988 conta-

135 3037 248 3103 mines
270 3038 435 3106 iuvandae
464 3040 591 3105 scilicet
611 3039 869 3103 constructionis
890 3037 1016 3125 gratia·
1057 3034 1185 3123 Guyeti
1201 3036 1269 3100 im·

136 3150 284 3239 probans
305 3151 506 3217 sententiam
528 3150 739 3216 Muetzellius
761 3172 796 3237 p.
821 3152 877 3215 95.
903 3150 957 3214 ve]
980 3147 1048 3214 alia
1059 3148 1192 3214 ratione
1208 3169 1270 3213 ex·

136 3262 338 3353 plicandum
366 3266 498 3342 locum,
532 3275 572 3327 ut
593 3262 700 3326 iustus
722 3261 884 3326 orationis
906 3262 988 3326 ordo
1011 3283 1072 3350 per
1094 3260 1269 3326 licentiam

136 3374 223 3440 huie
255 3378 372 3463 poetae
399 3399 469 3441 non
497 3374 671 3440 insolitam
700 3373 912 3462 interruptus
939 3397 1004 3439 esse
1031 3374 1182 3452 dicatur,
1214 3374 1269 3439 vel

138 3486 333 3572 coniectura
354 3486 606 3553 sustentandum
628 3484 764 3564 statuit,
788 3489 922 3573 qualem
944 3486 1141 3576 promptam
1163 3498 1197 3552 et
1218 3484 1269 3551 fa·

139 3599 242 3666 cilem
275 3622 341 3666 esse
372 3599 438 3677 ait,
466 3600 495 3663 si
523 3623 586 3687 pro
615 3590 709 3666 ὅσσοι
731 3601 904 3667 scribatur
920 3590 1045 3666 τόσσοι.
1090 3587 1269 3667 sedicem

141 3724 284 3779 tuentur
306 3736 375 3779 non
398 3713 498 3778 modo
521 3711 624 3779 Codd.
648 3736 780 3797 omnes,
803 3714 1041 3780 verumetiam
1056 3711 1267 3788 Scholiastae,
1353 3797 1355 3803 y

141 3849 251 3914 neque
272 3827 346 3892 ulla
368 3825 552 3913 excogitari
573 3848 670 3891 causa
691 3837 816 3914 potest,
840 3848 919 3904 cur,
943 3825 972 3890 si
995 3824 1161 3911 scriptum
1183 3822 1270 3889 olim

142 3928 260 4004 τὸσσοι
277 3937 377 4029 fuit,
392 3939 471 4004 inde
493 3927 586 4002 ὅσσοι
608 3936 752 4004 fecerint
773 3938 918 4004 librarii.
958 3938 1050 4003 Idem
1073 3947 1186 4003 autem
1206 3935 1271 4004 Vir

143 4053 260 4118 doctus
282 4064 394 4142 postea
416 4053 457 4117 ad
474 4053 585 4140 'magis
607 4053 793 4119 violentam
808 4053 875 4117 loci
895 4052 1100 4117 medicinam
1114 4050 1269 4128 recurrit,

145 4148 300 4254 ferroque
321 4168 506 4233 sanandum
529 4189 607 4232 eum
629 4167 765 4245 statuit,
789 4179 847 4246 ut,
871 4166 983 4233 recisis
1004 4187 1060 4239 vv.
1089 4169 1165 4231 155.
1188 4165 1270 4242 156,
1326 4234 1329 4241 ,

146 4282 206 4367 qui
236 4303 311 4347 casu
338 4283 492 4371 primum
521 4305 593 4349 ev.
624 4284 686 4347 138
720 4294 753 4346 et
783 4305 815 4350 v.
843 4284 905 4347 155
935 4281 1002 4347 huc
1030 4283 1268 4370 pervenerint,
