2967 5209
488 507 518 551 in
544 505 671 553 ursioni
695 506 909 555 rnnoconnn.
1186 477 1257 552 339

9 740 10 743 ,
137 676 290 765 plurium
321 676 483 743 Codicum
510 666 901 766 1εοῑίοᾶγγελὶη,ἠοη,
925 690 965 741 ut
986 678 1030 742 sit
1051 675 1256 743 femininum

136 788 177 854 ab
200 779 217 852 i
240 777 424 878 ἀγγελίης,
445 790 500 855 aad
518 801 562 883 'ut
584 789 767 878 accipiatur
790 813 827 856 ea
846 791 995 867 ratione,
1012 811 1077 875 qua
1092 789 1256 878 accipien·
1359 883 1363 893 Ι

137 901 216 965 dum
237 901 365 967 censuit
387 900 538 989 Heynius
564 903 603 968 ad
625 903 666 969 ll.
692 904 727 968 Γ.
752 905 829 970 206.
846 900 984 970 confusa
999 924 1036 969 re
1053 902 1256 967 denuncian-

134 1014 173 1078 da
194 1037 273 1079 cum
296 1015 486 1081 nunciante.

177 1260 210 1301 v.
234 1239 299 1301 783
321 1238 476 1323 spurium
497 1238 625 1302 censuit
646 1238 817 1327 Gnyetus,
847 1241 955 1303 nescio
978 1262 1020 1304 an
1039 1238 1257 1304 constructio-

132 1369 175 1411 ne
205 1346 362 1426 offensus,
396 1349 451 1414 sed
486 1349 573 1414 hanc
604 1350 686 1416 bene
715 1351 889 1439 expedivit
920 1349 1166 1439 Goettlingius:
1201 1343 1258 1416 καλ

134 1447 233 1523 ὁπότε
253 1445 505 1542 crededisset,
534 1452 627 1533 tara
650 1458 728 1528 ποτ’
751 1451 853 1546 ἐστίν,
875 1476 923 1544 et,
944 1473 974 1527 si·
995 1472 1065 1552 quis
1089 1471 1260 1528 mentiatur

134 1571 289 1653 Deorum,
315 1583 454 1663 quisquis
473 1576 530 1640 ille
542 1576 659 1663 suerit.
709 1579 799 1642 Tum
820 1577 950 1664 requiri
970 1599 1104 1644 versum
1125 1577 1166 1642 ad
1181 1577 1258 1642 univ

132 1700 265 1750 versum
287 1687 490 1753 narrationis
511 1687 689 1768 ambitum,
710 1700 799 1755 recte
816 1689 900 1755 dicit
914 1689 1126 1756 Muetzallius
1134 1713 1169 1777 p.
1182 1692 1257 1756 100.

176 1934 210 1976 v.
224 1913 299 1977 784.
325 1911 487 1977 Tentabat
507 1912 677 2001 Guyetus:
701 1904 781 1984 Ζεὺς
803 1901 832 1979 d’
851 1904 908 1981 ‘ire
926 1900 1002 2001 Ἶριν
1024 1899 1175 1999 ἔπεμψε,
1189 1938 1257 1979 non

131 2024 267 2103 videns,
291 2045 358 2089 esse
374 2023 430 2088 hic
453 2013 491 2091 δέ
513 2042 550 2089 τε
570 2025 608 2090 in
628 2027 780 2113 apodosi3
804 2037 844 2091 ut
864 2049 964 2115 supra
980 2050 1012 2093 v.
1034 2029 1110 2096 600.
1156 2027 1257 2094 Simi-

128 2135 211 2200 liter
231 2147 279 2199 est
302 2122 343 2201 δέ
365 2152 404 2200 τε
428 2150 503 2224 post
525 2127 581 2203 lire
604 2137 644 2203 Il.
669 2140 709 2204 K.
730 2140 808 2229 360.
833 2141 909 2204 362.
935 2157 973 2204 τε
985 2151 1060 2228 post
1073 2130 1175 2209 irrac-
1192 2137 1256 2204 od.

129 2249 178 2315 M.
204 2248 256 2314 41.
282 2253 335 2315 43.

176 2497 231 2540 vv.
264 2476 439 2542 786-792
476 2477 665 2555 damnavit,
700 2489 737 2541 ut
763 2477 893 2565 spurios
923 2477 1092 2566 Guyetus,
1129 2477 1259 2544 rationo

127 2588 249 2654 iudicii
267 2612 335 2654 non
354 2589 494 2655 reddita.
541 2589 685 2656 Versum
704 2589 842 2676 quidem
858 2592 923 2656 786
942 2591 1105 2679 respicere
1124 2589 1260 2657 videtur

128 2701 338 2769 Philoxenus
367 2703 456 2788 apud
478 2700 596 2768 Orion.
624 2704 741 2789 Etym.
772 2725 807 2791 p.
832 2702 884 2770 45.
908 2705 940 2769 6.
967 2715 1002 2768 et
1032 2704 1121 2792 apud
1142 2703 1259 2791 Etym.

127 2814 177 2879 M.
197 2837 231 2901 p.
257 2816 332 2880 731⁸.
355 2815 410 2879 20.
430 2815 508 2880 coll.
535 2811 622 2880 Gud.
644 2837 678 2901 p.
703 2816 779 2880 513.
805 2819 877 2894 55.;
901 2814 1043 2880 eundern
1064 2827 1098 2881 et
1121 2837 1259 2901 sequen·

127 2940 200 2992 tem
225 2949 358 2992 versum
381 2928 537 3015 Apollod.
562 2927 588 2995 1.
613 2926 656 2994 ΙΙ.
684 2933 734 3008 5.;
761 2950 896 2993 versum
924 2930 988 2993 789
1011 2950 1097 3015 seqq.
1122 2927 1259 2992 Proclus

126 3042 169 3105 in
188 3039 366 3105 Timaeum
391 3038 433 3105 V.
456 3061 491 3127 p.
515 3041 592 3106 294.
615 3040 704 3106 med.
752 3038 813 3105 Sed
836 3038 969 3126 Guyeto
990 3050 1181 3127 suspectum
1199 3039 1260 3104 ha·

129 3152 233 3217 bandi
262 3154 374 3217 locum
402 3174 497 3218 causa
531 3151 633 3217 fuisse
661 3163 770 3239 potest
799 3151 970 3216 obscurior
1004 3161 1038 3216 et
1060 3150 1259 3240 impeditior

113 3285 188 3364 ‚W
216 3266 402 3331 790-792.
425 3265 641 3332 constructio.
688 3264 757 3351 Qui
778 3264 902 3331 Graeca
922 3263 977 3329 hic
998 3275 1174 3331 verterunt
1195 3265 1258 3330 La·

127 3377 218 3455 tine,
239 3376 379 3442 verbum
402 3378 443 3444 de
466 3378 584 3457 verbo,
609 3380 698 3444 male
718 3378 822 3443 etiam
845 3368 1029 3464 εἱλιγμένος
1051 3386 1187 3441 intortus
1202 3381 1258 3446 vel

128 3500 281 3554 intortum
303 3492 484 3570 reddentes,
501 3491 593 3559 nihil
615 3491 871 3580 expediverunt.
905 3492 1033 3557 Eorum
1053 3502 1176 3570 autern,
1198 3492 1259 3578 qui

128 3606 266 3692 politam
299 3604 510 3671 adnotatione
537 3606 789 3683 illustrarunt,‘
804 3603 958 3692 plerique
988 3604 1102 3668 locum
1123 3603 1259 3669 silentio

130 3717 401 3785 transmiserunt.
447 3719 543 3786 Nihil
559 3721 600 3785 ad
618 3741 733 3785 enma
755 3718 899 3785 Graevio
918 3727 1074 3782 notatum
1094 3717 1257 3795 invenias,
1293 3752 1296 3757 <

130 3830 223 3895 nihil
252 3830 293 3895 ab
325 3830 457 3919 Heynio
481 3833 534 3898 vel
553 3831 696 3901 Wolfio.
743 3832 782 3896 L.
806 3830 961 3895 Barlaaus
978 3828 1019 3893 ad
1042 3815 1130 3893 inda
1152 3829 1259 3895 adno-

131 3942 219 4007 tavit
241 3965 314 4010 »sc.
330 3936 493 4030 porpric’'.
515 3942 698 4009 Matthiaeo
720 3942 780 4010 Gr.
801 3942 861 4009 Gr.
885 3943 1050 4029 53021.
1074 3927 1162 4007 ἒννὲα
1183 3935 1260 4027 μοῖ-

132 4074 183 4140 put
205 4055 273 4119 dici
293 4057 452 4122 videntur
469 4057 541 4145 ipse
559 4054 718 4136 Oceanus,
740 4078 844 4145 quare
856 4055 1043 4121 subiectum
1058 4054 1100 4120 ab
1118 4053 1259 4121 Hesiodo

131 4168 177 4231 sit
198 4156 392 4255 εἱλιγμένος.
425 4168 634 4258 Goettlingio
652 4193 723 4235 non
742 4170 814 4235 sine
826 4191 921 4235 causa
941 4168 1056 4234 minus
1069 4166 1105 4232 id
1119 4168 1257 4256 placuit,

133 4280 210 4364 qni,
240 4280 267 4342 si
290 4304 387 4346 sanus
406 4281 569 4348 habeatur
593 4283 703 4360 locus,
728 4282 990 4349 construendum
1013 4279 1075 4346 ait:
1101 4267 1259 4344 i’ssm·

1039 4391 1114 4466 22*
