2967 5209
494 486 525 533 ns
550 485 675 533 nssrom
701 485 915 534 rmoaouuu.
1186 416 1266 538 310Ι

124 659 282 729 Deorum
299 658 458 745 quosdam
483 657 528 725 ad'
549 681 622 724 sues
641 670 752 747 partes
763 659 958 747 pertrahere
975 661 1257 750 promissiaquo·
1358 696 1367 711 =

124 794 212 837 rum
232 772 360 836 mentio
378 772 419 836 fit
440 795 472 837 v.
498 772 562 837 392
584 794 670 859 seqq.
690 772 876 858 disertoque
889 776 924 839 i.
948 774 1012 838 397
1034 796 1120 861 seqq.
1138 776 1260 841 ineius

123 899 243 975 partes
271 888 438 953 transiisse
461 898 619 953 narratur
642 886 731 975 Styx
758 910 837 953 cum
867 887 984 952 liberis
1017 874 1131 975 Ζήλῳ,
1153 880 1261 973 Νίκῃ,

114 988 271 1088 'Kydna
297 990 351 1087 rty
376 997 422 1089 (v.
445 1000 520 1067 383.
544 996 648 1086 886).
694 1000 826 1067 Favisse
845 1020 977 1087 quoque
998 999 1029 1065 ei
1043 1011 1160 1065 contra
1177 998 1258 1065 Cro·

123 1128 235 1192 num',
262 1124 302 1177 ut
331 1123 427 1177 antea
447 1098 560 1178 Rheae
580 1111 711 1183 uranus
731 1125 831 1202 atque
854 1114 957 1180 Terra
975 1113 1220 1201 intelliguntur
1241 1136 1260 1178 e

122 1225 282 1291 versibus
304 1226 378 1290 sto.
403 1226 480 1290 626.
500 1226 578 1291 884.
596 1227 674 1292 801.
712 1226 806 1292 Idem
824 1225 1046 1315 probabiliter
1065 1225 1182 1313 colligi
1195 1247 1260 1313 po-

123 1349 197 1403 test
228 1337 268 1402 de
298 1336 374 1402 aliis
392 1336 592 1422 quibusdam
614 1338 815 1426 antiquioris
836 1339 966 1405 ordinis
986 1337 1076 1418 Diis,
1101 1346 1261 1424 tanquam

125 1449 265 1529 Hecate,
290 1450 424 1529 Metide,
448 1450 622 1530 Themide,
645 1450 786 1531 Oceano,
808 1452 923 1531 Nereo,
945 1451 1154 1517 Prometheo.
1200 1451 1261 1516 At·

125 1576 248 1633 tamen
267 1562 430 1629 Titanum
445 1552 618 1652 plerique,
641 1576 681 1629 ut
700 1566 845 1645 videtur,
866 1565 1034 1631 iuniorem
1047 1552 1154 1631 Deum
1168 1564 1261 1652 sequi

107 1656 369 1763 detrectarunt.
416 1675 531 1763 Itaque
551 1698 630 1741 cum
646 1674 758 1742 Crono
771 1687 935 1751 steterunt
950 1676 989 1741 hi
1003 1688 1120 1742 contra
1135 1677 1260 1754 lovem,

123 1812 278 1877 quorum
299 1799 413 1855 tamen
432 1787 474 1853 ab
494 1787 635 1854 Hesiodo
650 1788 860 1854 mentionem
877 1786 1001 1854 factam
1010 1812 1082 1855 non
1095 1786 1260 1856 videmus.

123 1914 172 1967 ut
192 1924 235 1967 ne
254 1902 326 1990 ipse
342 1900 480 1986 quidem
501 1898 631 1966 Cronus
649 1900 706 1964 hic
720 1900 843 1966 diserte
853 1914 1146 1969 commemoratur.
1172 1901 1260 1969 Cum

126 2015 245 2082 Crono
273 2014 429 2102 Iapetum
453 2023 619 2077 memorat
643 2010 808 2078 Homerus
833 2013 875 2078 Il.
899 2013 943 2079 Θ.
968 2014 1056 2093 479.,
1078 2013 1139 2079 alii
1159 1992 1259 2091 alios,

125 2138 172 2194 ut
191 2126 336 2206 Coeum,
358 2124 550 2203 Atlantem,
573 2125 792 2191 Menoetinm.
836 2126 944 2194 Versu
963 2129 1028 2192 632
1047 2102 1113 2212 εεᾳ.
1141 2126 1262 2191 descri-

125 2241 227 2307 bitur
239 2261 333 2305 scena
350 2258 492 2327 pugnae.
521 2236 715 2326 Olympum
736 2248 898 2324 tanquam
918 2258 1028 2301 arcem
1047 2246 1163 2301 tenent
1178 2234 1260 2302 Cro·

125 2352 245 2431 nidae,
271 2350 411 2438 Othryn
422 2350 567 2415 Titanes.
615 2346 704 2415 Cum
723 2358 805 2412 esset
823 2346 922 2412 certis
938 2347 979 2411 de
995 2346 1099 2410 causis
1119 2343 1259 2422 sactum,

124 2478 172 2530 ut
190 2463 360 2553 Olympus
372 2461 577 2531 Coelestium
593 2462 681 2528 sedes
701 2459 894 2541 haberetur,
910 2458 1019 2524 facere
1036 2458 1168 2524 eaedem
1184 2480 1261 2523 cau·

124 2601 186 2645 sae
209 2576 413 2657 debuerunt,
442 2588 483 2642 ut
512 2577 553 2642 de
582 2598 684 2664 ragno
710 2574 807 2643 Coeli
835 2574 880 2665 (v.
910 2570 1000 2660 520.)
1033 2592 1146 2660 pugna
1173 2571 1260 2639 ciru'a

125 2691 324 2781 Olympum
355 2690 531 2757 commissa
560 2689 747 2768 rideretur,
782 2688 874 2753 inter
906 2708 1008 2773 quem
1035 2695 1188 2750 montem
1218 2683 1260 2748 ad

124 2804 396 2894 septentrionem
416 2815 450 2869 et
468 2801 609 2890 Othryn
629 2801 669 2866 ad
688 2799 865 2866 meridiem
886 2797 999 2863 media
1016 2795 1081 2860 sita
1092 2794 1261 2860 Thessalia

128 2918 217 3009 (vid.
242 2918 396 2983 Lucanus
421 2914 480 2983 VI.
502 2916 568 2980 3³9
590 2908 690 3001 seqq.)
717 2923 751 2977 et
770 2933 830 2999 per
846 2932 880 2975 se
898 2908 1020 2996 dignus
1041 2906 1150 2973 videri
1170 2928 1259 2971 cam·

127 3053 195 3121 pus
217 3028 363 3119 potuit„
374 3027 412 3093 in
429 3048 494 3113 quo
514 3023 719 3091 concurrisse
739 3023 781 3090 ad
797 3042 948 3111 pugnam
966 3019 1183 3084 crederentur
1202 3018 1260 3082 Dii

129 3167 170 3210 ac
195 3143 349 3220 Titanes,
378 3151 412 3206 et
436 3136 580 3205 habebat
605 3134 711 3217 forte,
739 3147 780 3201 ut
806 3134 848 3201 ab
871 3135 975 3201 altera
1003 3130 1147 3219 Olympi
1166 3142 1262 3218 parte

129 3255 245 3343 campi
261 3255 450 3343 Phlegraei,
475 3254 602 3331 multa,
630 3272 714 3338 quae
734 3249 843 3317 rideri
864 3258 995 3337 possent
1021 3245 1115 3333 quasi
1134 3262 1259 3309 monu-

130 3379 249 3434 menta
267 3390 333 3433 esse
360 3390 397 3432 ac
418 3367 558 3454 vestigia
587 3364 673 3430 olim
698 3362 749 3428 ibi
767 3362 963 3428 collisarum
985 3360 1076 3426 inter
1098 3381 1132 3423 se
1149 3357 1259 3425 maxi-

129 3502 269 3547 marum
292 3480 377 3546 coeli
406 3491 578 3566 terraeque
603 3476 752 3556 virium,
776 3497 889 3564 sparsa
914 3474 971 3539 hic
996 3472 1071 3539 illic
1091 3493 1170 3536 saxa
1190 3470 1259 3534 im-
1322 3452 1326 3462 ⁸

129 3588 265 3674 mania,
288 3593 457 3681 quondam
485 3603 594 3657 terrae
616 3589 729 3677 aliquo
753 3601 851 3655 motu
868 3588 924 3655 vel
943 3583 1149 3652 subterranei
1172 3582 1260 3670 ignis

130 3708 170 3775 vi
200 3704 242 3772 de
268 3704 442 3771 montibus
468 3704 593 3770 deiecta
620 3726 656 3768 ac
678 3703 854 3780 devoluta,
884 3700 939 3765 sod
963 3697 1085 3784 quibus
1106 3693 1259 3783 mythice

132 3821 315 3889 traditione
342 3820 395 3885 usi
413 3841 477 3910 pro
497 3819 575 3885 telis
596 3819 749 3884 Briareus
769 3816 893 3904 aliique
912 3811 1084 3880 ferrentur
1110 3810 1156 3901 (v.
1181 3811 1258 3879 650.

133 3936 211 4002 675.
236 3935 300 3999 715
322 3930 435 4022 seqq).

179 4183 212 4225 v.
227 4161 292 4226 684
311 4159 446 4226 uncinis
464 4110 726 4245 circumscripsit
740 4151 903 4232 Wolfius,
920 4153 1009 4240 quod
1029 4150 1138 4218 videri
1155 4149 1259 4238 possit

8 4336 10 4355 ,Ἴ
135 4294 206 4338 ev.
227 4273 292 4339 625
309 4273 482 4361 repetitus.
518 4270 616 4337 Facio
636 4269 792 4357 equidem
809 4289 888 4332 cum
907 4265 1098 4333 Muetsellio
1115 4286 1151 4352 p.
1170 4266 1256 4341 116..
