2967 5209
289 484 359 577 384
721 512 959 561 couniriaivs

289 682 425 748 lesionis
456 705 556 770 genus
585 684 698 762 habet,
735 685 776 749 de
807 707 872 772 quo
911 685 1003 749 varia
1039 684 1236 749 recentiores
1263 682 1392 747 tradide

289 807 380 859 runt.
443 790 574 862 Cretem
597 794 727 861 faciunt
753 819 831 860 cum
859 796 976 862 Nostro
1007 797 1170 883 plerique.
1201 795 1277 862 Vid.
1303 795 1392 881 Apol-

289 908 357 972 lod.
385 906 446 971 111.
465 906 524 971 xl.
552 910 580 973 1.
607 906 718 994 ibique
745 908 852 996 Heyn.
883 907 982 976 Ovid.
1005 908 1064 974 111.
1093 909 1172 975 Am.
1194 908 1236 973 X.
1259 908 1299 972 25
1318 930 1390 993 seqq.

290 1019 403 1105 ltaque
443 1017 633 1084 Cretensem
668 1020 785 1107 mythi
824 1021 989 1108 originem
1025 1018 1127 1085 fuisse
1162 1042 1233 1084 non
1270 1019 1391 1094 dubito,

288 1131 440 1219 quamvis
475 1152 553 1195 cum
592 1131 719 1198 Cereris
751 1132 913 1220 religione
945 1155 981 1197 ac
1021 1131 1194 1219 mysteriis
1225 1132 1265 1195 ad
1300 1131 1391 1197 varios

288 1243 438 1331 deinceps
476 1244 618 1331 populos
652 1245 830 1309 translatus
865 1256 899 1309 et
931 1243 1011 1308 hinc
1041 1243 1189 1310 variatus
1221 1243 1274 1308 sit.
1307 1240 1389 1308 cons.

290 1355 430 1420 Theccr.
458 1355 506 1420 ld.
529 1356 587 1423 111.
611 1359 663 1422 51.
686 1357 783 1423 Diod.
804 1355 868 1427 sic.
892 1357 933 1423 V.
954 1358 1006 1423 49.
1051 1356 1186 1422 Dicitur
1199 1355 1288 1421 Pluti
1301 1365 1390 1418 mater

291 1467 386 1535 Ceres
407 1469 445 1535 in
465 1468 573 1536 Scolio
593 1470 681 1560 apud
703 1472 826 1537 Athen.
848 1460 921 1538 XV.
946 1493 980 1560 p.
1001 1472 1077 1539 694.
1099 1470 1139 1538 C.
1159 1506 1205 1521 -
1228 1469 1279 1535 Ad
1298 1465 1389 1553 fruges

290 1579 393 1645 variis
414 1580 522 1649 modis
543 1591 742 1646 transvectos
770 1581 1005 1669 acquisitasque
1032 1582 1115 1647 hinc
1143 1581 1278 1646 divitias
1304 1578 1388 1665 perti·

290 1712 369 1756 nere
390 1692 539 1772 videtur,
561 1693 649 1778 quod
679 1716 711 1757 v.
744 1695 808 1758 972
838 1715 902 1780 seq.
927 1694 1052 1759 dicitur
1071 1695 1193 1761 Plutus
1212 1692 1325 1756 vadere
1344 1711 1388 1776 per

290 1825 425 1868 omnem
456 1815 580 1868 terram
611 1815 645 1869 et
672 1805 741 1868 lata
764 1804 866 1870 maris
887 1805 1003 1892 spatia.
1050 1805 1113 1871 Sed
1137 1828 1216 1870 cum
1236 1803 1338 1879 Pluti‚
1360 1812 1387 1862 ut

291 1915 369 1994 Dei,
393 1937 567 2003 personam
589 1915 655 1980 sibi
676 1914 886 1983 informasset
908 1919 1021 2005 puina,
1045 1918 1184 1983 subiicit
1198 1940 1231 1982 v.
1249 1919 1311 1983 973
1337 1936 1384 1998 seq.

291 2015 340 2115 τῷ
363 2014 399 2093 A
424 2022 563 2117 τύχοντι
590 2027 641 2118 (L.
664 2028 818 2094 Barlaeus
840 2018 887 2116 τῷ
909 2018 1159 2112 ἀπαντήσαντι,
1183 2030 1208 2094 Ι.
1227 2029 1267 2094 Η.
1279 2025 1385 2095 Vossius

192 2194 206 2227 ι
291 2139 361 2202 dem
385 2137 616 2227 begegnendcn)
640 2133 697 2204 καὶ
720 2123 758 2205 οὗ
779 2129 810 2204 κ’
826 2127 859 2212 ἒς
880 2136 995 2231 χεῖρας
1013 2128 1140 2224 ἵκηται,
1155 2134 1221 2206 Tb
1241 2128 1385 2222 δ’ὢφνεών

292 2239 381 2330 ἔθηκε
402 2247 505 2315 πολύν
531 2268 569 2314 τε
585 2246 615 2318 ei
633 2240 760 2317 (inacta
783 2243 893 2337 ὄλβον.
941 2252 1026 2320 Cum
1049 2254 1130 2332 illo,
1150 2254 1238 2340 quod
1262 2253 1300 2315 de
1318 2269 1385 2313 arra-

292 2365 356 2431 tica
376 2365 438 2430 Dei
459 2374 578 2429 natura
596 2367 695 2451 polita
716 2365 817 2430 habet
831 2388 864 2431 v.
890 2366 982 2445 972.,
1004 2366 1164 2432 convenit
1182 2366 1303 2430 alatum
1314 2356 1383 2425 Plati

291 2475 510 2541 simulacrum
545 2477 632 2563 apud
669 2476 837 2558 Rhodios,
882 2477 923 2544 de
960 2498 1026 2565 quo
1061 2478 1138 2543 vide
1172 2477 1379 2542 Philostratum

295 2588 417 2675 lmagg.
445 2588 489 2653 11.
511 2590 564 2653 27.
588 2588 666 2654 Alas
695 2589 795 2653 Pluto
815 2589 939 2655 tribuit
959 2590 1060 2656 etiam
1083 2590 1263 2678 Euripides
1283 2580 1378 2650 inMe·

293 2700 403 2787 leagro
432 2701 519 2787 apud
552 2698 729 2765 Stobaeum
761 2701 814 2765 74.
848 2712 882 2767 et
908 2703 947 2767 in
969 2703 1030 2768 Ino
1051 2704 1143 2791 apud
1166 2703 1300 2768 eundem
1323 2694 1377 2788 105·

213 2851 218 2857 -
294 2810 345 2877 Ad
368 2812 541 2877 notionem
562 2823 690 2891 autem,
715 2837 749 2878 v.
777 2817 853 2880 973.
875 2837 1074 2903 expressam,
1097 2821 1319 2904 respexerunt,
1337 2802 1380 2890 qui

294 2925 332 2989 in
355 2926 482 3012 templo
503 2925 669 2990 Fortunae
683 2925 807 2991 Thebis
827 2927 1047 2994 simulacrum
1070 2929 1141 2993 eius
1155 2926 1306 2999 secarunt,
1325 2917 1382 2982 Plu·

293 3049 368 3103 tum
398 3061 540 3126 puerum
570 3039 724 3104 manibus
754 3041 921 3127 gestantis.
978 3040 1076 3129 Apud
1103 3040 1310 3108 Athenienses
1329 3031 1381 3094 Pax

293 3162 380 3229 erat,
401 3150 560 3214 similiter
579 3151 717 3215 Plutum
740 3149 865 3231 ferens,
889 3165 970 3219 teste
992 3155 1150 3221 Pausania
1171 3154 1228 3219 ΙΧ.
1249 3151 1295 3212 16.
1327 3141 1382 3207 Me·

294 3273 404 3327 morat
421 3262 511 3326 idem
531 3262 589 3328 IX.
612 3263 670 3328 26>
690 3264 860 3330 Minervae
882 3251 1001 3355 ἒργανῇ
1024 3268 1112 3354 apud
1130 3251 1381 3352 Thespiensesad·

293 3387 434 3441 stantem
457 3376 606 3440 Plutum.
964 3366 966 3369 ⁵

338 3623 394 3667 vv.
414 3601 588 3668 969-971
613 3601 798 3688 respiciunt
812 3605 964 3670 Eustath.
987 3606 1028 3670 ad
1047 3603 1109 3672 Od.
1128 3629 1164 3693 p.
1180 3602 1270 3668 1528.
1287 3599 1381 3673 7seqq.

294 3716 439 3783 Eudocia
467 3739 501 3803 p.
534 3718 611 3783 233.
666 3718 741 3782 Esse
773 3706 864 3779 aava
883 3704 1034 3783 Ἡσίοδον
1064 3717 1199 3783 Iasionis
1222 3735 1256 3777 ac
1277 3698 1382 3774 Cereris

294 3829 565 3896 filiumPlutum
584 3831 700 3895 scribit
722 3831 825 3897 etiam
842 3829 953 3896 Schol.
973 3830 1043 3897 Pal.
1065 3830 1106 3917 Q.
1125 3831 1164 3897 ad
1184 3825 1242 3894 Od.
1262 3821 1296 3885 E·
1322 3811 1378 3878 ¹25·

294 3942 444 4007 Priorem
468 3953 598 4029 partem
620 3941 730 4008 vershs
760 3944 840 4021 969,
864 3953 902 4006 ut
919 3943 1086 4020 Hesiodei‚
1118 3943 1196 4007 citat
1219 3937 1323 4019 Etym·
1343 3920 1378 3987 Μ·

290 4077 328 4141 .p.
353 4055 428 4120 677.
451 4057 501 4122 16.

341 4299 394 4340 vv.
417 4282 482 4343 973
499 4300 561 4363 seq.
589 4278 815 4367 Goettlingius
833 4282 869 4345 in
886 4303 938 4368 pr.
954 4281 1015 4348 Ed.
1030 4281 1189 4347 recentius
1201 4271 1314 4338 additos
1325 4252 1375 4322 sibi
