2967 5209
449 607 451 614 ι
478 580 510 628 ru
534 580 658 628 rssrcru
681 581 894 631 rurocorrur.
1177 559 1248 633 129

165 769 222 814 vv.
245 749 397 827 1-115,
417 751 477 838 qui
495 752 706 841 Theogoniae
725 765 884 842 tanquam
907 757 1119 844 prooemium
1143 779 1244 846 prae-

118 861 216 927 missi
252 873 345 941 sunt,
376 885 491 930 omnes
519 865 748 955 supposititios
777 869 907 934 censuit
946 867 1115 957 Guyetus,
1149 870 1245 936 nulla

113 983 234 1040 tumen
264 974 411 1041 durioris
436 977 556 1044 iudicii
583 980 713 1045 ratione
741 980 889 1060 redditu,
919 980 1009 1068 quod
1044 978 1193 1047 fortasse
1206 983 1246 1048 in
1349 987 1357 998 '

114 1107 215 1171 causa
233 1084 320 1168 fuit,
345 1100 384 1153 ut
399 1089 460 1154 diu
479 1091 594 1157 minus
606 1092 642 1158 id
660 1103 816 1158 curarent
834 1092 913 1162 Viri
927 1087 1037 1160 Doctir
1073 1093 1171 1161 Certe
1185 1094 1246 1160 diu

112 1222 218 1266 nemo
236 1200 325 1281 illud
346 1203 400 1271 vel
414 1203 594 1291 probatum
610 1206 665 1271 vel
679 1185 866 1271 refutatum
883 1206 961 1273 ivit.
1002 1201 1137 1272 Primus
1150 1206 1245 1295 Hey·

111 1311 196 1378 nius
209 1313 246 1379 in
256 1315 340 1381 Diss.
358 1315 397 1379 de
413 1317 597 1405 Theogonis
614 1309 803 1383 adHesiodo
816 1317 944 1381 cordua
959 1316 1001 1383 ,in
1019 1316 1244 1385 commentat.

113 1425 271 1516 thting.
297 1431 335 1496 T.
357 1429 400 1496 ΙΙ.
419 1453 454 1519 p.
485 1432 561 1498 152.
590 1432 628 1497 in
653 1443 725 1498 not.
759 1431 941 1497 exordium
969 1430 1182 1520 Theogoniee
1201 1453 1245 1498 ex

110 1537 273 1627 pluribus
291 1540 535 1630 rhapsodorum
566 1541 772 1609 carminibus
798 1541 1067 1606 consarcinatum
1086 1541 1248 1609 arbitrari

111 1649 265 1719 redixit.
288 1654 417 1721 Deinde
427 1654 566 1744 Guyeti,
580 1655 770 1744 Heyniique
784 1654 911 1719 iudicio
920 1653 1115 1742 subscripsit
1126 1655 1247 1720 Ruhn-

111 1764 235 1828 kenius
255 1764 293 1829 in
310 1765 372 1854 Ep.
398 1766 483 1835 Crit.
509 1767 536 1835 I.
557 1768 598 1833 ud
617 1790 672 1834 vv.
700 1765 766 1834 Th.
787 1766 869 1845 114,
898 1767 972 1831 115.
1003 1751 1097 1831 vPost
1120 1765 1182 1831 hos
1208 1766 1248 1833 in

1 1868 2 1893 l
112 1873 275 1943 Editione
291 1900 348 1943 sua
369 1878 579 1968 Theogoniae
597 1879 750 1951 Wolfius
765 1903 798 1946 se
815 1880 926 1947 videri
947 1878 1013 1946 sibi
1032 1880 1124 1946 dixit
1141 1880 1249 1945 iubis

1 2044 2 2071 ,
111 1988 266 2057 versibus
297 1990 542 2078 deprehendere
568 1991 731 2065 eiusmodi
762 1993 991 2081 prooemium,
1021 1992 1135 2079 qualia
1161 1991 1248 2057 olim

110 2102 293 2192 rhapsodi,
324 2103 521 2192 priusquam
548 2105 589 2169 ad
621 2103 754 2169 aliorum
783 2106 934 2172 carmina
968 2104 1139 2171 recitanda
1162 2125 1246 2192 pro·

1 2238 3 2249 ·
111 2215 355 2305 grederentur,
379 2228 514 2282 asemet
538 2218 620 2306 ipsis
641 2218 825 2307 composita
846 2218 1062 2306 praemittere
1084 2211 1247 2296 solerent,

112 2341 198 2395 teste
217 2329 361 2395 Pindaro
379 2331 474 2397 Nem.
493 2331 536 2398 Il.
556 2354 610 2419 pr.
632 2331 745 2419 ibique
770 2330 883 2399 Sobol.
916 2340 980 2395 nisi
1002 2330 1108 2394 dicere
1135 2329 1247 2412 mulis,
1285 2347 1290 2360 ‘

111 2443 251 2530 inquit,
273 2443 473 2532 expluribus
494 2454 562 2509 eius
579 2454 707 2534 generis
726 2444 918 2509 carminibus
939 2444 1018 2507 haec
1032 2442 1249 2531 conglutinata

112 2537 316 2644 erransque
328 2564 454 2646 integra
475 2558 693 2623 nunc-baberi.
741 2558 940 2622 Hiurrteuim
964 2565 1049 2626 inter·
1069 2557 1105 2619 se
1119 2557 1254 2620 sentem·

112 2676 201 2748 tiae;
219 2655 353 2757 abrupta
373 2683 448 2734 surrt
468 2649 540 2735 ηοιι4
552 2692 682 2760 pauca5
703 2670 770 2734 aliu
789 2669 829 2733 ab
842 2670 980 2734 Homero
997 2681 1139 2733 mutuata
1156 2680 1249 2751 sunt,

3 2795 4 2798 ’
113 2780 287 2868 eodemque
321 2806 396 2846 mox
427 2765 502 2848 critis
529 2797 623 2873 utque
646 2783 719 2848 aim
742 2782 845 2847 modis
866 2791 1001 2848 variata.
1041 2780 1193 2869 Heynius
1211 2781 1252 2848 in

114 2893 296 2960 subiuncta
320 2895 377 2960 illi
406 2895 549 2962 editioni
574 2897 725 2986 Epistola
751 2896 792 2961 ed
813 2894 1006 2974 Wolfium,
1031 2893 1194 2958 haetenus
1212 2893 1251 2958 in

114 3006 207 3072 edita
227 3008 397 3093 quondam
421 3008 463 3074 ab
491 3033 525 3075 se
552 3011 716 3076 sententia
734 3008 901 3097 perstitit,
924 3020 964 3071 ut
989 3007 1132 3083 diceret,
1168 3026 1252 3092 ques

11 3119 14 3128 '
115 3119 271 3209 praefixa
300 3120 387 3200 sint,
412 3122 558 3209 plurium
581 3123 785 3187 exordiorum
821 3119 886 3183 sibi
907 3119 1027 3184 vuideri
1052 3116 1252 3205 porticulum

117 3229 251 3295 addidit
267 3242 398 3311 autem,
423 3230 552 3318 dffcile
571 3230 666 3297 dictu
685 3255 768 3312 esse,
793 3232 873 3322 quid
896 3231 1059 3314 Hesiodo,
1080 3231 1164 3321 quid⁴
1178 3230 1254 3294 rba-
1316 3268 1318 3271 >

112 3343 227 3430 prodis
252 3335 412 3407 debemur.
434 3344 615 3410 Definitius
631 3357 744 3433 postea
760 3345 973 3411 Hermannus
990 3343 1027 3410 in
1042 3344 1198 3433 Epistola
1211 3344 1253 3409 ad

118 3455 289 3544 llgenium
315 3478 350 3544 p.
379 3456 440 3523 Xl.
458 3481 546 3546 seqq.
572 3456 714 3524 editioni
740 3458 846 3547 ipsius
865 3456 1085 3546 Hymnorum
1098 3461 1100 3466 ’
1114 3456 1254 3544 Homeri
1280 3467 1284 3475 '

118 3571 317 3657 praemissa,
332 3571 447 3658 plures
468 3570 570 3637 fuisse
591 3571 792 3660 Theogoniae
809 3579 1007 3635 recemiorrer
1026 3569 1155 3647 statuit,
1173 3591 1255 3655 quas

121 3693 198 3747 ante
215 3684 328 3749 oculos
348 3682 506 3750 habentes
525 3681 679 3764 librarii,
706 3706 785 3748 oum
803 3705 855 3748 eus
873 3682 993 3746 multis
1010 3682 1051 3746 iu
1062 3681 1156 3746 >locis
1174 3702 1253 3744 con·

5 3849 6 3854 ,
120 3806 239 3883 gruere
260 3795 583 3875 animadverterent,
608 3797 647 3861 in
668 3818 778 3862 unum
798 3818 919 3882 corpus
937 3791 1198 3870 coniunxerint,
1213 3802 1254 3856 ut
1288 3804 1291 3814 ¹

121 3906 232 3973 labori
253 3907 450 3996 parcerent,
472 3911 573 3974 semel
598 3910 794 3988 scribentes,
813 3930 897 3995 quae
915 3907 1254 3973 diversarumreoen·
1361 3929 1363 3932 ·

121 4020 257 4086 sionum
272 4021 469 4087 communia
494 4029 625 4087 essent.-
658 4021 731 4110 lpse
757 4033 869 4086 autem
901 4016 1111 4107 Theogoniae
1142 4037 1254 4082 recen-

122 4132 250 4214 siones,
273 4153 355 4221 quas
371 4134 409 4199 in
428 4153 537 4198 unum
555 4153 676 4222 corpus
693 4133 887 4199 coniunctas
913 4131 1112 4210 habeamus,
1136 4150 1255 4196 nume·

121 4247 193 4312 rari
219 4240 314 4336 posse
344 4260 463 4335 septem
482 4259 600 4336 putat,
634 4248 662 4313 si
691 4270 735 4313 ex
764 4246 955 4336 prooemio,
989 4244 1115 4332 quode
1136 4242 1257 4309 multis

8 4381 13 4452 q
123 4359 276 4445 partibus
305 4373 457 4426 constare
480 4361 551 4447 ¹iam
569 4361 647 4426 -alii
684 4359 853 4437 viderint,
892 4358 1083 4428 coniectura
1110 4367 1255 4445 petetur.

1048 4499 1050 4504 >
1084 4465 1110 4539 9
