2967 5209
475 480 506 586 ui
531 539 655 588 russum
678 539 892 641 rruoconnp.
1172 509 1245 583 353

728 620 740 661 l

120 714 231 776 ficans.
276 710 504 798 Quamobrem
531 711 627 776 allati
646 711 684 776 in
708 709 883 778 Graeciam
902 732 946 775 ex
970 708 1110 776 Oriente
1128 710 1245 798 mythi

124 824 216 913 (sunt
235 822 328 888 enim
353 823 390 888 in
414 820 552 888 Oriente
573 821 723 888 maxime
745 814 844 889 noxii
860 822 1028 910 presteras,
1047 822 1245 888 ambus-entes

122 948 264 1000 contactu
285 942 414 1023 pariter
434 947 465 997 et
484 946 700 1022 proterentes,
721 946 911 1024 pestemque
933 935 1169 1023 navigantibus
1191 950 1246 1020 ty-

115 1050 240 1137 phones
259 1048 367 1137 primi
388 1048 520 1137 experti
542 1060 621 1113 suut
642 1047 831 1134 Phoenices)
855 1049 925 1114 eius
946 1048 1054 1136 igitur
1067 1034 1086 1114 a
1101 1048 1248 1114 Phoeni·

119 1163 213 1228 cibus
237 1163 275 1227 in
304 1160 478 1228 Graeciam
509 1160 605 1226 allati
634 1160 752 1248 mythi
781 1182 913 1227 scenam
936 1161 1024 1248 apud
1051 1183 1085 1225 se
1109 1159 1246 1227 Cadmei
1355 1200 1359 1217 ·

119 1273 327 1339 transtulisse
346 1273 437 1339 mihi
460 1273 628 1349 videntur,
658 1283 877 1359 montemque
895 1273 1017 1351 illum,
1041 1272 1112 1338 sive
1127 1274 1248 1338 veteris

120 1385 270 1450 incendii
294 1385 431 1473 vestigia
449 1394 653 1463 servantem,
683 1385 754 1450 sive
774 1386 925 1450 maxime
943 1384 1102 1451 fulminis
1125 1384 1249 1450 ictibus

120 1496 324 1575 obnoxium,
352 1496 595 1585 Typhaouium
618 1496 758 1581 dixisse,
782 1498 876 1585 quasi
899 1498 1004 1563 illum
1022 1499 1192 1587 quondam
1207 1499 1247 1563 ad

121 1610 385 1697 oppugnandum
405 1608 608 1696 Olympum,
631 1610 727 1676 velut
749 1598 945 1698 ὁρμητήριον,
960 1610 1141 1699 Typhoeus
1157 1610 1248 1675 inse·

19 1710 21 1721 ¹
120 1723 239 1802 disset,
261 1735 303 1788 ut
322 1724 417 1812 prius
438 1721 579 1811 Othryn
601 1723 747 1804 Titanes;
769 1722 903 1812 fuitque
921 1747 1008 1804 sane,
1032 1737 1073 1790 ut
1093 1724 1249 1791 Ascraeus

122 1839 220 1924 poeta
241 1837 441 1903 Boeotorum
462 1836 676 1926 potissimum
700 1836 898 1902 traditiones
918 1849 1122 1924 sequeretur.

166 2084 200 2127 v.
218 2066 302 2130 ssa
326 2063 377 2130 Aa
408 2050 549 2148 utplus
579 2048 1068 2144 o1.rar.o'mus‚ugsuu
1115 2062 1250 2129 necem
1330 2046 1334 2057 ’

123 2173 163 2238 L.
189 2173 359 2240 Barlaeust
384 2165 445 2238 »rb
465 2161 619 2261 κορθὺνειν
640 2184 687 2239 est
710 2173 858 2261 colligere
879 2187 911 2237 et
930 2183 1023 2260 quusi
1043 2181 1078 2236 iu
1092 2176 1249 2239 cumulum

122 2308 328 2373 »congerere3
350 2274 460 2374 κόρθυς
481 2286 573 2352 enim
592 2286 743 2362 cumulus,
760 2289 931 2353 acervus.'’
954 2285 1053 2372 Apud
1065 2285 1251 2351 Homerum

76 2472 78 2477 ¹
122 2399 165 2466 ΙΙ.
192 2398 219 2464 1.
237 2395 269 2466 7'.
290 2411 398 2465 exstat
419 2386 605 2486 κορθύεται,
626 2399 715 2486 quod
729 2398 860 2479 abunde
878 2396 1054 2462 illustrant
1073 2395 1251 2463 Gramma·

120 2511 195 2577 tici.
242 2510 388 2600 Cognata
417 2524 498 2578 sunt
525 2500 631 2599 κάρα,
666 2498 783 2602 κέρα-η,
813 2498 927 2596 κόρυς,
951 2499 1098 2598 κορυφὴ,
1123 2495 1252 2596 ulpius,

120 2612 261 2714 sopito,
286 2614 430 2714 κορθύνω.

168 2876 202 2919 v.
220 2847 284 2919 861
308 2875 395 2941 seqq.
434 2853 531 2936 Quod
556 2865 646 2919 terra
671 2852 806 2942 ignibus
826 2847 1007 2940 liquefacta
1035 2873 1103 2916 esse
1127 2848 1253 2915 dicitur

120 2965 166 3031 ad
186 2965 323 3054 plumbi
342 2966 488 3047 candidi,
510 2966 565 3034 vel
587 2946 671 3032 ferri
694 2988 838 3045 morem,
861 2987 938 3029 sane
955 2961 1121 3029 eiusmodi
1138 2974 1198 3040 est,
1214 2973 1256 3025 ut

120 3078 332 3144 exundantes
353 3100 372 3142 e
393 3090 509 3142 monte
531 3078 645 3164 aliquo
667 3077 814 3142 ardentis
836 3075 996 3141 materiae
1025 3074 1116 3142 rivos
1139 3062 1255 3151 ¹declu-

89 3178 93 3185 ⁸
121 3211 201 3256 rare
222 3189 386 3256 videatur.
434 3189 593 3257 Ceterum
615 3188 669 3254 his
690 3187 841 3256 versibus
862 3188 930 3252 duo
950 3187 1096 3252 diversos
1117 3187 1255 3251 metalla

121 3298 364 3389 liquefaciendi
392 3323 449 3366 seu
472 3298 637 3367 fundendi
665 3300 782 3365 modos
813 3299 940 3365 indicat
968 3302 1077 3389 polita.
1122 3299 1255 3365 Funde·

120 3415 229 3481 batur
258 3403 469 3500 κασσίτερος,
486 3412 652 3501 plumbum
673 3413 858 3492 candidum,
882 3415 922 3479 in
945 3414 1077 3495 catino,
1101 3436 1159 3481 seu
1181 3437 1256 3482 vase

126 3525 274 3605 fusorio,
297 3547 485 3614 congruum
499 3526 556 3592 illi
580 3525 692 3604 reios,
717 3548 775 3591 seu
797 3524 963 3605 foramen,
989 3525 1144 3592 habente.
1190 3527 1257 3595 Ac·

125 3636 264 3706 cedebat
285 3633 391 3726 τέχνη
415 3625 545 3723 αἰζηῶν,
567 3639 785 3727 praesertim,
810 3650 850 3703 ut
873 3639 1018 3717 videtur,
1036 3639 1075 3703 in
1095 3639 1257 3706 adhiben-

127 3750 182 3816 dis'
211 3750 456 3837 tractandisque
487 3748 629 3817 follibus
660 3751 848 3840 conspicua.
887 3749 986 3818 Conf.
1021 3750 1122 3818 Hom.
1153 3750 1194 3818 11.
1218 3752 1257 3816 Σ.

131 3865 198 3930 470
224 3887 311 3953 seqq.
336 3864 451 3952 ibique
474 3863 584 3953 Heyn.
628 3867 726 3932 Ferri
752 3888 836 3932 vena
864 3865 1126 3952 excoquebatur,
1150 3864 1199 3929 ita
1221 3878 1260 3931 ut

129 4000 234 4065 aquae
260 3978 361 4043 modo
388 3978 577 4063 liqueretur
599 3975 741 4043 ferrum.
777 3976 876 4044 conf.
899 3977 1030 4043 Plinius
1049 3977 1205 4046 XXXIV.
1230 4002 1258 4043 c.

134 4092 189 4157 14.
215 4114 240 4156 s.
271 4092 325 4158 41.
370 4090 488 4158 Fiebut
509 4090 574 4156 hoc
596 4090 634 4156 in
664 4090 810 4158 vallibus
838 4090 1000 4178 sylvosis,
1028 4089 1087 4153 ubi
1109 4090 1262 4176 plurima

131 4213 216 4267 esset
231 4202 319 4291 ligni
341 4202 494 4269 materia.
536 4201 682 4271 Definite
700 4205 800 4291 poeta
820 4201 1035 4267 adornatum
1054 4200 1200 4281 Vulcani
1210 4201 1262 4269 fa·

133 4313 263 4381 bricam
283 4329 466 4398 memorat;
482 4339 588 4404 neque
607 4327 720 4382 tamen
734 4305 813 4381 inde
830 4316 910 4380 cum
921 4314 1098 4381 nonnullis
1120 4301 1153 4382 ἓν
1164 4303 1262 4406 χθονὶ

983 4458 986 4465 =
1051 4424 1116 4531 '23
