2967 5209
239 463 308 536 192
682 491 924 539 connnrmmvs

235 673 274 725 ut
298 661 340 726 Il.
362 659 401 724 Φ.
427 663 502 729 287.
521 665 598 728 312.
620 686 690 729 non
712 686 791 730 vero
814 664 895 729 huic
910 663 1054 729 Hesiodi.
1080 626 1178 730 conf.
1204 663 1370 751 Apollon.

234 774 316 838 Lex.
337 794 370 838 v.
394 764 532 840 ἓνοονλον.
565 776 676 864 Neque
695 778 818 842 rectius
840 780 873 843 d’
890 775 1058 844 Orvillius
1081 777 1122 842 ad
1145 775 1372 842 Charitonem

232 908 267 974 p.
281 888 355 952 138.
375 886 466 952 hunc
485 891 615 968 locum,
637 903 676 954 ut
694 901 938 978 opportunum,
954 889 1101 954 contulit
1121 912 1199 954 cum
1211 888 1373 976 explica·

233 998 326 1064 tione
345 997 546 1067 Scholiastae
561 1002 738 1091 Apollonii
755 1002 893 1081 Rhodii,
910 1003 951 1067 ad
969 1002 1052 1066 haec
1066 1000 1323 1092 podtueverbal.
1336 1024 1371 1066 c.
1459 1074 1460 1085 p

232 1101 309 1176 ὅσον
335 1103 479 1184 cuncte
503 1103 593 1201 ὀρέων
617 1102 734 1206 λοὶχον
758 1104 777 1198 b
801 1108 860 1180 κο)
877 1101 1030 1187 ἓνοιύλονς
1052 1115 1200 1180 notantis
1221 1104 1370 1191 rbere
1459 1092 1460 1161 l

232 1222 314 1288 λοοιοο
337 1223 397 1289 νῦν.
429 1224 550 1292 Melius
569 1250 648 1292 cum
669 1228 813 1294 Scholiis
833 1231 872 1295 ed
894 1230 929 1295 11.
953 1231 978 1297 l.
998 1227 1151 1316 Guyetus
1166 1227 1372 1294 Hesiodeum

181 1398 184 1407 „
232 1324 387 1408 semideos
414 1339 654 1428 interpretatus
682 1354 731 1408 est
754 1329 942 1429 διοτριβὶος,
968 1327 1221 1426 inconsumpto.
1265 1339 1372 1429 Apud

233 1451 392 1539 Apollon.
424 1452 598 1518 Rhodium
632 1467 744 1520 entem
777 1446 903 1521 ἐ’νοουλον
933 1455 1081 1544 oppositi
1112 1444 1265 1524 οκοπνοοῖς
1287 1463 1373 1518 sunt

178 1569 182 1575 '
232 1564 399 1629 convalles.
449 1564 601 1645 Scilicet,
630 1580 670 1633 ut
696 1579 853 1634 notatum
877 1569 946 1633 iam
978 1566 1020 1633 ab
1045 1565 1139 1645 aliis,
1166 1563 1372 1653 significatio

232 1675 386 1742 vocabuli
416 1671 548 1750 ἕνοονλος
582 1681 675 1745 veria
700 1679 787 1758 fuit,
818 1692 922 1768 prout
954 1681 1009 1745 vel
1038 1679 1079 1744 ab
1109 1669 1207 1758 οούλλ,
1237 1677 1292 1743 vel
1324 1675 1372 1740 eb

232 1780 330 1859 οούλὸς
351 1791 449 1856 ducta
468 1804 566 1870 esset,
586 1793 783 1879 notavitque
809 1795 880 1871 vel,
904 1804 942 1856 ut
960 1792 1026 1870 hle,
1045 1790 1223 1855 habitandi
1240 1791 1368 1868 locum,

233 1887 306 1979 rel,
330 1913 370 1967 ut
395 1904 433 1968 in
452 1904 600 1969 versibus
620 1904 759 1970 Homeri
779 1917 813 1969 et
829 1904 1006 1994 Apollonii
1022 1903 1150 1969 Rhodii
1168 1903 1289 1980 citatis,
1310 1902 1370 1966 lo-

232 2037 311 2079 cum
339 2017 464 2081 canalis
492 2028 550 2081 eut
573 2017 706 2082 fistulae
735 2019 844 2082 instar
869 2019 923 2084 vel
949 2017 1061 2103 aliqua
1080 2017 1211 2081 ratione
1231 2036 1368 2081 cavum.

233 2130 453 2194 Posteriorem
475 2131 754 2218 significationem
775 2132 932 2219 pluribus
948 2132 1136 2197 illustravit
1155 2129 1309 2217 Heynius
1326 2129 1369 2195 ed

184 2334 189 2343 1
234 2241 276 2308 11.
301 2242 344 2309 ll·
371 2246 426 2309 71.
450 2245 574 2332 prioris
598 2268 668 2310 non
689 2246 769 2310 adeo
789 2246 956 2311 rationem
982 2244 1112 2310 habuit.

278 2493 310 2534 v.
336 2472 399 2534 132
424 2493 511 2557 seqq.
535 2462 639 2557 αὐτὰρ
665 2463 784 2535 ἔπειτα
808 2492 839 2535 κ.
867 2492 899 2536 τ.
926 2476 958 2538 λ.
1008 2472 1038 2539 Α
1066 2470 1161 2537 Coeli
1185 2481 1218 2534 et
1247 2468 1371 2533 Terrae

233 2583 363 2670 nuptiis
385 2584 500 2670 cyclus
523 2583 727 2649 Graecorum
750 2583 925 2671 mythious
948 2585 1091 2650 initium
1111 2581 1262 2648 ducebat.
1287 2579 1367 2647 Vid.

234 2697 431 2783 Apollodor.
451 2696 539 2762 Bibl.
560 2720 612 2785 pr.
653 2697 705 2763 Ab
722 2698 844 2763 iisdem
861 2697 917 2762 nte
939 2697 1082 2763 initium
1101 2697 1141 2761 fit
1158 2692 1369 2780 Theogoniae

233 2809 371 2897 proprie
394 2809 440 2873 sic
463 2809 589 2888 dictae3
621 2831 681 2874 nec
710 2808 855 2873 dubium
886 2820 951 2888 est,
983 2809 1085 2895 quin,
1111 2829 1194 2893 quae
1212 2803 1369 2892 deinceps

233 2902 447 2987 recensentur
469 2921 632 2986 Titanum
651 2943 688 2987 ec
716 2923 866 2987 Deorum
887 2920 1042 2999 nomina,
1070 2920 1186 2985 omnia
1211 2941 1254 2983 ex
1275 2916 1368 2982 anti-

233 3036 392 3122 quissima
417 3035 622 3101 Graecorum
651 3034 816 3123 religione
848 3034 1101 3121 coniunctisque
1125 3054 1205 3097 cum
1227 3053 1265 3095 ea
1286 3051 1368 3117 my·

234 3150 304 3214 this
337 3151 468 3237 prolate
501 3139 580 3214 sint.
634 3148 732 3214 Haud
762 3160 887 3213 temere
918 3146 1011 3212 dixit
1044 3146 1137 3211 Plato
1167 3145 1205 3211 in
1227 3142 1368 3229 Cratylo
1461 3162 1462 3167 ¹

234 3285 270 3350 p.
291 3266 368 3328 397.
389 3262 425 3329 C.
452 3255 624 3346 φαίνονταί
644 3280 701 3345 μοι
726 3252 756 3326 οἱ
777 3250 901 3348 πρῶτον
927 3249 991 3324 τῶν
1016 3245 1185 3345 ἀνθρώπων
1209 3244 1273 3320 τῶν
1295 3246 1368 3342 περὶ

235 3367 291 3456 τὴν
324 3363 475 3441 ‘Enbeilos
511 3371 648 3446 τούτους
683 3366 802 3459 μόνους
836 3361 925 3444 θεοὺς
958 3360 1128 3461 ἡγεῖσθαι,
1164 3360 1287 3457 οὕσπερ
1318 3367 1367 3433 νῦν

235 3483 355 3553 πολλοὶ
403 3482 468 3553 τῶν
503 3479 705 3577 βαρβάρων,
739 3475 826 3569 ἥλιον
861 3477 918 3549 κον)
951 3472 1081 3564 σελήνην
1122 3477 1179 3549 νον)
1214 3475 1279 3571 ’γῆν
1311 3473 1368 3547 νον)

236 3592 349 3691 ticeps
380 3594 438 3667 κοο1
463 3594 602 3691 οὐρονόνε
633 3584 893 3687 manseruntque
922 3599 1086 3687 pristinae
1107 3588 1282 3685 religionis
1307 3618 1366 3662 ve-

235 3718 343 3805 stigia.
378 3696 500 3784 Terrae
518 3716 654 3804 quidem
674 3714 743 3779 fuit
761 3714 931 3801 templum
954 3713 1107 3780 Athenis.
1130 3711 1209 3780 Vid.
1227 3711 1364 3775 Pausen.

226 3830 263 3900 .Ι.
292 3834 346 3896 22.
367 3828 625 3918 item'Spartae‚
652 3826 734 3894 ibid.
760 3826 821 3892 111.
843 3826 886 3892 ll.
910 3829 962 3893 12.
997 3849 1053 3893 era
1076 3822 1202 3903 Phliis‚
1227 3822 1310 3888 ibid.
1338 3821 1364 3885 1.

237 3946 291 4009 31.
314 3945 490 4009 oraculum
510 3939 669 4030 Delphis,
697 3940 781 4006 ibid.
802 3941 845 4005 X.
868 3945 899 4005 5.
917 3962 974 4005 are
994 3952 1028 4006 et
1046 3939 1223 4004 oraculum
1242 3934 1366 4023 Olym·

235 4058 327 4146 piae,
357 4056 440 4122 ibid.
466 4056 508 4123 V.
539 4056 589 4120 14.
620 4066 659 4118 ut
679 4055 720 4118 de
746 4053 893 4120 Telluris
915 4054 1003 4141 opud
1030 4052 1130 4117 Italos
1151 4051 1248 4115 cultu
1272 4046 1364 4112 nihil

236 4170 356 4236 dicam.
405 4168 546 4238 Coelum
575 4166 735 4232 similiter
757 4165 795 4229 in
818 4165 955 4231 Graecia
978 4164 1115 4253 templis
1133 4163 1264 4247 erisque
1293 4160 1364 4224 cnl-

238 4300 324 4351 tum
341 4286 442 4351 fuisse
466 4308 536 4350 non
563 4295 709 4349 constet:
744 4283 799 4347 sed
823 4281 892 4348 fuit
920 4281 1156 4348 iusiurandum
1182 4301 1242 4366 per
1273 4276 1361 4344 illud
