<?xml version="1.0" encoding="UTF-8"?>
<!DOCTYPE html PUBLIC "-//W3C//DTD XHTML 1.0 Transitional//EN"
    "http://www.w3.org/TR/xhtml1/DTD/xhtml1-transitional.dtd">
<html xmlns="http://www.w3.org/1999/xhtml" xml:lang="en" lang="en">
 <head>
  <title>
</title>
<meta http-equiv="Content-Type" content="text/html;charset=utf-8" />
  <meta name='ocr-system' content='tesseract 3.04.00' />
  <meta name='ocr-capabilities' content='ocr_page ocr_carea ocr_par ocr_line ocrx_word'/>
</head>
<body>
  <div class='ocr_page' id='page_1' title='image "./hesioditheogoni00lenngoog_0437.png"; bbox 0 0 2967 5209; ppageno 0'>
   <div class='ocr_carea' id='block_1_1' title="bbox 522 521 1285 598">
    <p class='ocr_par' dir='ltr' id='par_1_1' title="bbox 522 521 1285 598">
     <span class='ocr_line' id='line_1_1' title="bbox 522 521 1285 598; baseline 0.003 -3"><span class='ocrx_word' id='word_1_1' title='bbox 522 549 555 596; x_wconf 82' lang='lat' dir='ltr'>ns</span> <span class='ocrx_word' id='word_1_2' title='bbox 579 549 705 598; x_wconf 83' lang='lat' dir='ltr'>urstom</span> <span class='ocrx_word' id='word_1_3' title='bbox 729 549 943 597; x_wconf 81' lang='lat' dir='ltr'>runooosnu.</span> <span class='ocrx_word' id='word_1_4' title='bbox 1212 521 1285 597; x_wconf 78' lang='lat'>393</span> 
     </span>
    </p>
   </div>
   <div class='ocr_carea' id='block_1_2' title="bbox 103 669 1406 922">
    <p class='ocr_par' dir='ltr' id='par_1_2' title="bbox 103 669 1406 922">
     <span class='ocr_line' id='line_1_2' title="bbox 163 669 1406 810; baseline 0.004 -27"><span class='ocrx_word' id='word_1_5' title='bbox 163 718 226 785; x_wconf 95' lang='lat' dir='ltr'>lIl.</span> <span class='ocrx_word' id='word_1_6' title='bbox 243 717 319 784; x_wconf 91' lang='lat' dir='ltr'><strong>XII.</strong></span> <span class='ocrx_word' id='word_1_7' title='bbox 338 721 370 785; x_wconf 77' lang='lat'>2,</span> <span class='ocrx_word' id='word_1_8' title='bbox 391 730 480 785; x_wconf 85' lang='lat' dir='ltr'>extr.</span> <span class='ocrx_word' id='word_1_9' title='bbox 495 721 646 785; x_wconf 80' lang='lat' dir='ltr'>alterum</span> <span class='ocrx_word' id='word_1_10' title='bbox 656 672 796 789; x_wconf 80' lang='lat' dir='ltr'>Veneris</span> <span class='ocrx_word' id='word_1_11' title='bbox 812 734 845 787; x_wconf 92' lang='lat' dir='ltr'>et</span> <span class='ocrx_word' id='word_1_12' title='bbox 859 722 1022 788; x_wconf 79' lang='lat' dir='ltr'><strong>Anchisae</strong></span> <span class='ocrx_word' id='word_1_13' title='bbox 1033 720 1147 786; x_wconf 89' lang='lat' dir='ltr'>filium</span> <span class='ocrx_word' id='word_1_14' title='bbox 1170 669 1284 810; x_wconf 68' lang='lat' dir='ltr'>hepo,</span> <span class='ocrx_word' id='word_1_15' title='bbox 1403 735 1406 741; x_wconf 85' lang='lat'>&#39;</span> 
     </span>
     <span class='ocr_line' id='line_1_3' title="bbox 103 829 1085 922; baseline 0 -28"><span class='ocrx_word' id='word_1_16' title='bbox 103 890 108 894; x_wconf 85' lang='lat'>.</span> <span class='ocrx_word' id='word_1_17' title='bbox 162 832 250 910; x_wconf 85' lang='lat' dir='ltr'>sive,</span> <span class='ocrx_word' id='word_1_18' title='bbox 273 843 315 896; x_wconf 92' lang='lat' dir='ltr'>ut</span> <span class='ocrx_word' id='word_1_19' title='bbox 335 831 487 919; x_wconf 88' lang='lat' dir='ltr'>Heynius</span> <span class='ocrx_word' id='word_1_20' title='bbox 507 831 557 896; x_wconf 92' lang='lat' dir='ltr'>ibi</span> <span class='ocrx_word' id='word_1_21' title='bbox 579 833 759 920; x_wconf 84' lang='lat' dir='ltr'>legendum</span> <span class='ocrx_word' id='word_1_22' title='bbox 781 834 935 914; x_wconf 84' lang='lat' dir='ltr'>coniicit,</span> <span class='ocrx_word' id='word_1_23' title='bbox 959 829 1085 922; x_wconf 78' lang='grc' dir='ltr'><strong>Λύρνον.</strong></span> 
     </span>
    </p>
   </div>
   <div class='ocr_carea' id='block_1_3' title="bbox 161 1053 1289 1594">
    <p class='ocr_par' dir='ltr' id='par_1_3' title="bbox 161 1053 1289 1594">
     <span class='ocr_line' id='line_1_4' title="bbox 206 1053 1286 1149; baseline -0.004 -25"><span class='ocrx_word' id='word_1_24' title='bbox 206 1078 262 1124; x_wconf 79' lang='lat' dir='ltr'>vv.</span> <span class='ocrx_word' id='word_1_25' title='bbox 288 1058 516 1124; x_wconf 84' lang='lat'>1011-1015.</span> <span class='ocrx_word' id='word_1_26' title='bbox 540 1059 594 1125; x_wconf 85' lang='lat' dir='ltr'>Ex</span> <span class='ocrx_word' id='word_1_27' title='bbox 615 1057 710 1125; x_wconf 81' lang='lat' dir='ltr'>Circe</span> <span class='ocrx_word' id='word_1_28' title='bbox 734 1056 821 1124; x_wconf 89' lang='lat' dir='ltr'>Solis</span> <span class='ocrx_word' id='word_1_29' title='bbox 843 1058 915 1124; x_wconf 84' lang='lat' dir='ltr'>filia</span> <span class='ocrx_word' id='word_1_30' title='bbox 933 1057 1045 1149; x_wconf 86' lang='lat' dir='ltr'>(supra</span> <span class='ocrx_word' id='word_1_31' title='bbox 1064 1077 1098 1123; x_wconf 87' lang='lat' dir='ltr'>v.</span> <span class='ocrx_word' id='word_1_32' title='bbox 1119 1056 1185 1122; x_wconf 81' lang='grc'>956</span> <span class='ocrx_word' id='word_1_33' title='bbox 1205 1053 1286 1145; x_wconf 86' lang='lat' dir='ltr'>seq.)</span> 
     </span>
     <span class='ocr_line' id='line_1_5' title="bbox 162 1169 1286 1260; baseline -0.001 -26"><span class='ocrx_word' id='word_1_34' title='bbox 162 1180 196 1234; x_wconf 83' lang='lat' dir='ltr'>et</span> <span class='ocrx_word' id='word_1_35' title='bbox 211 1169 330 1258; x_wconf 86' lang='lat' dir='ltr'>Vlysse</span> <span class='ocrx_word' id='word_1_36' title='bbox 354 1172 475 1259; x_wconf 83' lang='lat' dir='ltr'>Agrius</span> <span class='ocrx_word' id='word_1_37' title='bbox 497 1183 529 1236; x_wconf 92' lang='lat' dir='ltr'>et</span> <span class='ocrx_word' id='word_1_38' title='bbox 549 1170 700 1251; x_wconf 85' lang='lat' dir='ltr'>Latinus,</span> <span class='ocrx_word' id='word_1_39' title='bbox 717 1172 976 1260; x_wconf 81' lang='lat' dir='ltr'>Tyrrhenorum</span> <span class='ocrx_word' id='word_1_40' title='bbox 999 1191 1101 1259; x_wconf 88' lang='lat' dir='ltr'>reges.</span> <span class='ocrx_word' id='word_1_41' title='bbox 1147 1169 1286 1258; x_wconf 87' lang='lat' dir='ltr'>Ignora-</span> 
     </span>
     <span class='ocr_line' id='line_1_6' title="bbox 161 1281 1289 1373; baseline 0 -25"><span class='ocrx_word' id='word_1_42' title='bbox 161 1283 214 1348; x_wconf 83' lang='lat' dir='ltr'>vit</span> <span class='ocrx_word' id='word_1_43' title='bbox 237 1283 298 1347; x_wconf 91' lang='lat' dir='ltr'>hos</span> <span class='ocrx_word' id='word_1_44' title='bbox 328 1283 511 1363; x_wconf 82' lang='lat' dir='ltr'>Homerus,</span> <span class='ocrx_word' id='word_1_45' title='bbox 541 1285 695 1373; x_wconf 86' lang='lat' dir='ltr'>quamvis</span> <span class='ocrx_word' id='word_1_46' title='bbox 718 1285 849 1349; x_wconf 90' lang='lat' dir='ltr'>multus</span> <span class='ocrx_word' id='word_1_47' title='bbox 872 1283 910 1349; x_wconf 88' lang='lat' dir='ltr'>in</span> <span class='ocrx_word' id='word_1_48' title='bbox 932 1284 1152 1373; x_wconf 89' lang='lat' dir='ltr'>praedicando</span> <span class='ocrx_word' id='word_1_49' title='bbox 1178 1281 1289 1349; x_wconf 77' lang='lat' dir='ltr'>Circes</span> 
     </span>
     <span class='ocr_line' id='line_1_7' title="bbox 161 1395 1288 1485; baseline -0.002 -23"><span class='ocrx_word' id='word_1_50' title='bbox 161 1396 200 1462; x_wconf 91' lang='lat' dir='ltr'>in</span> <span class='ocrx_word' id='word_1_51' title='bbox 219 1397 375 1484; x_wconf 78' lang='lat' dir='ltr'>Vlyssem</span> <span class='ocrx_word' id='word_1_52' title='bbox 404 1420 527 1465; x_wconf 89' lang='lat' dir='ltr'>amore.</span> <span class='ocrx_word' id='word_1_53' title='bbox 574 1398 646 1464; x_wconf 79' lang='lat' dir='ltr'>Alii</span> <span class='ocrx_word' id='word_1_54' title='bbox 668 1396 738 1463; x_wconf 86' lang='lat' dir='ltr'>fere</span> <span class='ocrx_word' id='word_1_55' title='bbox 759 1398 964 1485; x_wconf 83' lang='lat' dir='ltr'><strong>Telegonum</strong></span> <span class='ocrx_word' id='word_1_56' title='bbox 997 1396 1108 1465; x_wconf 81' lang='lat' dir='ltr'>Circes</span> <span class='ocrx_word' id='word_1_57' title='bbox 1132 1408 1165 1461; x_wconf 87' lang='lat' dir='ltr'>et</span> <span class='ocrx_word' id='word_1_58' title='bbox 1186 1395 1288 1482; x_wconf 87' lang='lat' dir='ltr'>Vlys·</span> 
     </span>
     <span class='ocr_line' id='line_1_8' title="bbox 162 1507 1289 1594; baseline -0.001 -21"><span class='ocrx_word' id='word_1_59' title='bbox 162 1509 206 1574; x_wconf 88' lang='lat' dir='ltr'>sis</span> <span class='ocrx_word' id='word_1_60' title='bbox 225 1510 339 1575; x_wconf 89' lang='lat' dir='ltr'>filium</span> <span class='ocrx_word' id='word_1_61' title='bbox 359 1512 579 1591; x_wconf 88' lang='lat' dir='ltr'>celebrarunt,</span> <span class='ocrx_word' id='word_1_62' title='bbox 603 1511 674 1578; x_wconf 86' lang='lat' dir='ltr'>sive</span> <span class='ocrx_word' id='word_1_63' title='bbox 699 1512 822 1588; x_wconf 90' lang='lat' dir='ltr'>solum,</span> <span class='ocrx_word' id='word_1_64' title='bbox 843 1533 900 1575; x_wconf 93' lang='lat' dir='ltr'>seu</span> <span class='ocrx_word' id='word_1_65' title='bbox 924 1532 1003 1574; x_wconf 90' lang='lat' dir='ltr'>cum</span> <span class='ocrx_word' id='word_1_66' title='bbox 1032 1509 1119 1588; x_wconf 88' lang='lat' dir='ltr'>aliis,</span> <span class='ocrx_word' id='word_1_67' title='bbox 1144 1507 1289 1594; x_wconf 78' lang='lat' dir='ltr'>inquo·</span> 
     </span>
    </p>
   </div>
   <div class='ocr_carea' id='block_1_4' title="bbox 161 1611 1458 1710">
    <p class='ocr_par' dir='ltr' id='par_1_4' title="bbox 161 1611 1458 1710">
     <span class='ocr_line' id='line_1_9' title="bbox 161 1611 1458 1710; baseline 0.001 -26"><span class='ocrx_word' id='word_1_68' title='bbox 161 1642 240 1685; x_wconf 89' lang='lat' dir='ltr'>rum</span> <span class='ocrx_word' id='word_1_69' title='bbox 264 1624 459 1688; x_wconf 82' lang='lat' dir='ltr'>nominibus</span> <span class='ocrx_word' id='word_1_70' title='bbox 485 1624 628 1690; x_wconf 86' lang='lat' dir='ltr'>variant.</span> <span class='ocrx_word' id='word_1_71' title='bbox 663 1624 741 1689; x_wconf 90' lang='lat' dir='ltr'>Vid.</span> <span class='ocrx_word' id='word_1_72' title='bbox 763 1623 838 1691; x_wconf 87' lang='lat' dir='ltr'>VV.</span> <span class='ocrx_word' id='word_1_73' title='bbox 858 1622 930 1687; x_wconf 91' lang='lat' dir='ltr'>DD.</span> <span class='ocrx_word' id='word_1_74' title='bbox 950 1622 992 1687; x_wconf 89' lang='lat' dir='ltr'>ad</span> <span class='ocrx_word' id='word_1_75' title='bbox 1013 1611 1139 1710; x_wconf 79' lang='lat' dir='ltr'>llygin.</span> <span class='ocrx_word' id='word_1_76' title='bbox 1159 1619 1186 1687; x_wconf 87' lang='lat' dir='ltr'>f.</span> <span class='ocrx_word' id='word_1_77' title='bbox 1214 1621 1288 1687; x_wconf 85' lang='grc'><strong>125.</strong></span> <span class='ocrx_word' id='word_1_78' title='bbox 1356 1665 1360 1671; x_wconf 88' lang='grc'>-</span> <span class='ocrx_word' id='word_1_79' title='bbox 1451 1688 1458 1703; x_wconf 54' lang='grc'>,</span> 
     </span>
    </p>
   </div>
   <div class='ocr_carea' id='block_1_5' title="bbox 161 1730 1293 2487">
    <p class='ocr_par' dir='ltr' id='par_1_5' title="bbox 161 1730 1292 2045">
     <span class='ocr_line' id='line_1_10' title="bbox 162 1730 1291 1822; baseline -0.001 -24"><span class='ocrx_word' id='word_1_80' title='bbox 162 1730 225 1798; x_wconf 85' lang='lat' dir='ltr'>Sed</span> <span class='ocrx_word' id='word_1_81' title='bbox 253 1746 286 1800; x_wconf 90' lang='lat' dir='ltr'>et</span> <span class='ocrx_word' id='word_1_82' title='bbox 316 1735 450 1801; x_wconf 86' lang='lat' dir='ltr'>Hesiodi</span> <span class='ocrx_word' id='word_1_83' title='bbox 474 1735 577 1804; x_wconf 85' lang='lat' dir='ltr'>Codd.</span> <span class='ocrx_word' id='word_1_84' title='bbox 603 1736 639 1802; x_wconf 90' lang='lat' dir='ltr'>h.</span> <span class='ocrx_word' id='word_1_85' title='bbox 660 1736 685 1801; x_wconf 93' lang='lat' dir='ltr'>l.</span> <span class='ocrx_word' id='word_1_86' title='bbox 712 1735 852 1822; x_wconf 86' lang='lat' dir='ltr'>quidam</span> <span class='ocrx_word' id='word_1_87' title='bbox 872 1745 948 1822; x_wconf 86' lang='lat' dir='ltr'>post</span> <span class='ocrx_word' id='word_1_88' title='bbox 973 1733 1116 1821; x_wconf 76' lang='lat' dir='ltr'>Agrimn</span> <span class='ocrx_word' id='word_1_89' title='bbox 1137 1744 1171 1797; x_wconf 89' lang='lat' dir='ltr'>et</span> <span class='ocrx_word' id='word_1_90' title='bbox 1194 1733 1291 1798; x_wconf 85' lang='lat' dir='ltr'>Lati·</span> 
     </span>
     <span class='ocr_line' id='line_1_11' title="bbox 162 1842 1292 1934; baseline 0.001 -25"><span class='ocrx_word' id='word_1_91' title='bbox 162 1868 246 1911; x_wconf 91' lang='lat' dir='ltr'>num</span> <span class='ocrx_word' id='word_1_92' title='bbox 278 1870 377 1913; x_wconf 83' lang='lat' dir='ltr'>versu</span> <span class='ocrx_word' id='word_1_93' title='bbox 400 1860 624 1915; x_wconf 87' lang='lat' dir='ltr'>memoratum</span> <span class='ocrx_word' id='word_1_94' title='bbox 656 1842 821 1913; x_wconf 80' lang='lat' dir='ltr'>exhibent</span> <span class='ocrx_word' id='word_1_95' title='bbox 846 1846 1071 1934; x_wconf 84' lang='lat' dir='ltr'>Telegonum,</span> <span class='ocrx_word' id='word_1_96' title='bbox 1096 1867 1162 1932; x_wconf 90' lang='lat' dir='ltr'>qua</span> <span class='ocrx_word' id='word_1_97' title='bbox 1187 1845 1229 1911; x_wconf 92' lang='lat' dir='ltr'>de</span> <span class='ocrx_word' id='word_1_98' title='bbox 1254 1867 1292 1910; x_wconf 89' lang='lat' dir='ltr'>re</span> 
     </span>
     <span class='ocr_line' id='line_1_12' title="bbox 161 1957 488 2045; baseline -0.003 -23"><span class='ocrx_word' id='word_1_99' title='bbox 161 1957 232 2024; x_wconf 84' lang='lat' dir='ltr'>vid.</span> <span class='ocrx_word' id='word_1_100' title='bbox 255 1958 356 2045; x_wconf 84' lang='lat' dir='ltr'>Varr.</span> <span class='ocrx_word' id='word_1_101' title='bbox 381 1961 488 2025; x_wconf 81' lang='lat' dir='ltr'>Leott.</span> 
     </span>
    </p>

    <p class='ocr_par' dir='ltr' id='par_1_6' title="bbox 163 2068 1293 2487">
     <span class='ocr_line' id='line_1_13' title="bbox 207 2068 1292 2161; baseline 0.001 -27"><span class='ocrx_word' id='word_1_102' title='bbox 207 2070 323 2135; x_wconf 86' lang='lat' dir='ltr'>Latini</span> <span class='ocrx_word' id='word_1_103' title='bbox 342 2071 427 2158; x_wconf 85' lang='lat' dir='ltr'>regis</span> <span class='ocrx_word' id='word_1_104' title='bbox 448 2071 494 2161; x_wconf 85' lang='lat' dir='ltr'>(v.</span> <span class='ocrx_word' id='word_1_105' title='bbox 517 2068 627 2158; x_wconf 81' lang='lat'>1013.)</span> <span class='ocrx_word' id='word_1_106' title='bbox 648 2083 681 2136; x_wconf 91' lang='lat' dir='ltr'>et</span> <span class='ocrx_word' id='word_1_107' title='bbox 703 2070 963 2158; x_wconf 80' lang='lat' dir='ltr'>Tyrrhenorum</span> <span class='ocrx_word' id='word_1_108' title='bbox 983 2071 1031 2160; x_wconf 85' lang='lat' dir='ltr'>(v.</span> <span class='ocrx_word' id='word_1_109' title='bbox 1055 2068 1166 2158; x_wconf 88' lang='grc'><strong>1015.)</strong></span> <span class='ocrx_word' id='word_1_110' title='bbox 1195 2092 1292 2136; x_wconf 89' lang='lat' dir='ltr'>men·</span> 
     </span>
     <span class='ocr_line' id='line_1_14' title="bbox 163 2181 1291 2272; baseline 0 -27"><span class='ocrx_word' id='word_1_111' title='bbox 163 2181 256 2246; x_wconf 88' lang='lat' dir='ltr'>tione</span> <span class='ocrx_word' id='word_1_112' title='bbox 276 2182 475 2263; x_wconf 83' lang='lat' dir='ltr'>declaratur,</span> <span class='ocrx_word' id='word_1_113' title='bbox 500 2183 561 2248; x_wconf 90' lang='lat' dir='ltr'>hos</span> <span class='ocrx_word' id='word_1_114' title='bbox 580 2183 698 2251; x_wconf 85' lang='lat' dir='ltr'>Italiae</span> <span class='ocrx_word' id='word_1_115' title='bbox 719 2184 759 2248; x_wconf 87' lang='lat' dir='ltr'>ad</span> <span class='ocrx_word' id='word_1_116' title='bbox 781 2207 874 2251; x_wconf 89' lang='lat' dir='ltr'>mare</span> <span class='ocrx_word' id='word_1_117' title='bbox 893 2184 1047 2250; x_wconf 91' lang='lat' dir='ltr'>Inferum</span> <span class='ocrx_word' id='word_1_118' title='bbox 1062 2185 1206 2272; x_wconf 86' lang='lat' dir='ltr'>populos</span> <span class='ocrx_word' id='word_1_119' title='bbox 1223 2182 1291 2246; x_wconf 91' lang='lat' dir='ltr'>iam</span> 
     </span>
     <span class='ocr_line' id='line_1_15' title="bbox 164 2293 1293 2384; baseline 0.001 -27"><span class='ocrx_word' id='word_1_120' title='bbox 164 2293 299 2358; x_wconf 83' lang='lat' dir='ltr'>Hesiodi</span> <span class='ocrx_word' id='word_1_121' title='bbox 323 2306 427 2360; x_wconf 83' lang='lat' dir='ltr'>aetate</span> <span class='ocrx_word' id='word_1_122' title='bbox 455 2296 665 2382; x_wconf 88' lang='lat' dir='ltr'>aliquatenus</span> <span class='ocrx_word' id='word_1_123' title='bbox 691 2295 827 2362; x_wconf 87' lang='lat' dir='ltr'>Graecis</span> <span class='ocrx_word' id='word_1_124' title='bbox 855 2296 1049 2362; x_wconf 90' lang='lat' dir='ltr'>innotuisse.</span> <span class='ocrx_word' id='word_1_125' title='bbox 1095 2296 1210 2384; x_wconf 80' lang='lat' dir='ltr'>Agrii,</span> <span class='ocrx_word' id='word_1_126' title='bbox 1233 2294 1293 2382; x_wconf 90' lang='lat' dir='ltr'>qui</span> 
     </span>
     <span class='ocr_line' id='line_1_16' title="bbox 163 2405 1293 2487; baseline 0 -16"><span class='ocrx_word' id='word_1_127' title='bbox 163 2406 238 2471; x_wconf 83' lang='lat' dir='ltr'>Rex</span> <span class='ocrx_word' id='word_1_128' title='bbox 258 2406 308 2472; x_wconf 91' lang='lat' dir='ltr'>ibi</span> <span class='ocrx_word' id='word_1_129' title='bbox 331 2405 456 2487; x_wconf 85' lang='lat' dir='ltr'>fuerit,</span> <span class='ocrx_word' id='word_1_130' title='bbox 478 2431 621 2486; x_wconf 89' lang='lat' dir='ltr'>nomen,</span> <span class='ocrx_word' id='word_1_131' title='bbox 646 2407 728 2473; x_wconf 86' lang='lat' dir='ltr'>alibi</span> <span class='ocrx_word' id='word_1_132' title='bbox 750 2431 819 2473; x_wconf 90' lang='lat' dir='ltr'>non</span> <span class='ocrx_word' id='word_1_133' title='bbox 838 2420 988 2486; x_wconf 85' lang='lat' dir='ltr'>exstans,</span> <span class='ocrx_word' id='word_1_134' title='bbox 1011 2407 1226 2473; x_wconf 84' lang='lat' dir='ltr'>referendum</span> <span class='ocrx_word' id='word_1_135' title='bbox 1242 2406 1293 2472; x_wconf 86' lang='lat' dir='ltr'>vi·</span> 
     </span>
    </p>
   </div>
   <div class='ocr_carea' id='block_1_6' title="bbox 39 2512 1294 2608">
    <p class='ocr_par' dir='ltr' id='par_1_7' title="bbox 39 2512 1294 2608">
     <span class='ocr_line' id='line_1_17' title="bbox 39 2512 1294 2608; baseline -0.001 -24"><span class='ocrx_word' id='word_1_136' title='bbox 39 2537 41 2540; x_wconf 76' lang='grc'>’</span> <span class='ocrx_word' id='word_1_137' title='bbox 163 2520 261 2584; x_wconf 86' lang='lat' dir='ltr'>detur</span> <span class='ocrx_word' id='word_1_138' title='bbox 284 2520 325 2582; x_wconf 86' lang='lat' dir='ltr'>ed</span> <span class='ocrx_word' id='word_1_139' title='bbox 350 2518 437 2585; x_wconf 87' lang='lat' dir='ltr'>feros</span> <span class='ocrx_word' id='word_1_140' title='bbox 454 2519 579 2585; x_wconf 87' lang='lat' dir='ltr'>borum</span> <span class='ocrx_word' id='word_1_141' title='bbox 603 2522 810 2608; x_wconf 87' lang='lat' dir='ltr'>populorum</span> <span class='ocrx_word' id='word_1_142' title='bbox 829 2543 954 2601; x_wconf 87' lang='lat' dir='ltr'>mores,</span> <span class='ocrx_word' id='word_1_143' title='bbox 979 2532 1019 2584; x_wconf 93' lang='lat' dir='ltr'>ut</span> <span class='ocrx_word' id='word_1_144' title='bbox 1041 2512 1142 2585; x_wconf 85' lang='lat' dir='ltr'>fuisse</span> <span class='ocrx_word' id='word_1_145' title='bbox 1158 2520 1294 2585; x_wconf 89' lang='lat' dir='ltr'>videtur</span> 
     </span>
    </p>
   </div>
   <div class='ocr_carea' id='block_1_7' title="bbox 81 2630 1294 2847">
    <p class='ocr_par' dir='ltr' id='par_1_8' title="bbox 81 2630 1294 2847">
     <span class='ocr_line' id='line_1_18' title="bbox 81 2630 1294 2720; baseline 0 -24"><span class='ocrx_word' id='word_1_146' title='bbox 81 2674 83 2684; x_wconf 41' lang='grc' dir='ltr'><strong><em>ι</em></strong></span> <span class='ocrx_word' id='word_1_147' title='bbox 163 2630 311 2697; x_wconf 88' lang='lat' dir='ltr'>similem</span> <span class='ocrx_word' id='word_1_148' title='bbox 333 2632 375 2696; x_wconf 92' lang='lat' dir='ltr'>ob</span> <span class='ocrx_word' id='word_1_149' title='bbox 400 2653 530 2697; x_wconf 91' lang='lat' dir='ltr'>oausam</span> <span class='ocrx_word' id='word_1_150' title='bbox 547 2632 656 2697; x_wconf 90' lang='lat' dir='ltr'>dictus</span> <span class='ocrx_word' id='word_1_151' title='bbox 669 2632 773 2697; x_wconf 89' lang='lat' dir='ltr'>etiam</span> <span class='ocrx_word' id='word_1_152' title='bbox 794 2632 917 2720; x_wconf 83' lang='lat' dir='ltr'>Agrius</span> <span class='ocrx_word' id='word_1_153' title='bbox 939 2631 1186 2700; x_wconf 81' lang='lat' dir='ltr'>Centaurorum</span> <span class='ocrx_word' id='word_1_154' title='bbox 1204 2636 1294 2696; x_wconf 84' lang='lat' dir='ltr'>unus</span> 
     </span>
     <span class='ocr_line' id='line_1_19' title="bbox 164 2741 1294 2847; baseline 0.004 -40"><span class='ocrx_word' id='word_1_155' title='bbox 164 2755 198 2807; x_wconf 85' lang='lat' dir='ltr'>et</span> <span class='ocrx_word' id='word_1_156' title='bbox 219 2744 303 2808; x_wconf 85' lang='lat' dir='ltr'>item</span> <span class='ocrx_word' id='word_1_157' title='bbox 326 2766 413 2847; x_wconf 69' lang='lat' dir='ltr'>unus</span> <span class='ocrx_word' id='word_1_158' title='bbox 433 2744 474 2809; x_wconf 92' lang='lat' dir='ltr'>de</span> <span class='ocrx_word' id='word_1_159' title='bbox 497 2743 715 2831; x_wconf 86' lang='lat' dir='ltr'>Gigantibus,</span> <span class='ocrx_word' id='word_1_160' title='bbox 738 2744 806 2808; x_wconf 89' lang='lat' dir='ltr'>nisi</span> <span class='ocrx_word' id='word_1_161' title='bbox 826 2741 915 2808; x_wconf 82' lang='lat' dir='ltr'>sorte</span> <span class='ocrx_word' id='word_1_162' title='bbox 935 2743 1010 2831; x_wconf 91' lang='lat' dir='ltr'>quis</span> <span class='ocrx_word' id='word_1_163' title='bbox 1031 2745 1227 2833; x_wconf 84' lang='lat' dir='ltr'>suspicetur,</span> <span class='ocrx_word' id='word_1_164' title='bbox 1248 2744 1294 2811; x_wconf 79' lang='lat' dir='ltr'>A·</span> 
     </span>
    </p>
   </div>
   <div class='ocr_carea' id='block_1_8' title="bbox 136 2849 1446 2947">
    <p class='ocr_par' dir='ltr' id='par_1_9' title="bbox 136 2849 1446 2947">
     <span class='ocr_line' id='line_1_20' title="bbox 136 2849 1446 2947; baseline 0.002 -29"><span class='ocrx_word' id='word_1_165' title='bbox 136 2897 141 2901; x_wconf 86' lang='lat'>·</span> <span class='ocrx_word' id='word_1_166' title='bbox 164 2854 278 2942; x_wconf 87' lang='lat' dir='ltr'>grium</span> <span class='ocrx_word' id='word_1_167' title='bbox 299 2854 354 2920; x_wconf 87' lang='lat' dir='ltr'>hic</span> <span class='ocrx_word' id='word_1_168' title='bbox 376 2855 445 2920; x_wconf 88' lang='lat' dir='ltr'>dici</span> <span class='ocrx_word' id='word_1_169' title='bbox 467 2877 597 2943; x_wconf 88' lang='lat' dir='ltr'>regem,</span> <span class='ocrx_word' id='word_1_170' title='bbox 621 2855 681 2941; x_wconf 93' lang='lat' dir='ltr'>qui</span> <span class='ocrx_word' id='word_1_171' title='bbox 705 2856 794 2942; x_wconf 89' lang='lat' dir='ltr'>apud</span> <span class='ocrx_word' id='word_1_172' title='bbox 815 2853 979 2920; x_wconf 89' lang='lat' dir='ltr'>Ovidium</span> <span class='ocrx_word' id='word_1_173' title='bbox 1007 2866 1041 2920; x_wconf 90' lang='lat' dir='ltr'>et</span> <span class='ocrx_word' id='word_1_174' title='bbox 1071 2855 1154 2920; x_wconf 91' lang='lat' dir='ltr'>alios</span> <span class='ocrx_word' id='word_1_175' title='bbox 1176 2856 1215 2920; x_wconf 92' lang='lat' dir='ltr'>in</span> <span class='ocrx_word' id='word_1_176' title='bbox 1231 2855 1294 2920; x_wconf 89' lang='lat' dir='ltr'>La·</span> <span class='ocrx_word' id='word_1_177' title='bbox 1337 2849 1339 2852; x_wconf 13' lang='grc'><strong><em>4</em></strong></span> <span class='ocrx_word' id='word_1_178' title='bbox 1360 2854 1366 2877; x_wconf 71' lang='grc'><strong>“</strong></span> <span class='ocrx_word' id='word_1_179' title='bbox 1443 2936 1446 2947; x_wconf 61' lang='lat'>.</span> 
     </span>
    </p>
   </div>
   <div class='ocr_carea' id='block_1_9' title="bbox 165 2965 1361 3857">
    <p class='ocr_par' dir='ltr' id='par_1_10' title="bbox 165 2965 1361 3857">
     <span class='ocr_line' id='line_1_21' title="bbox 165 2965 1292 3056; baseline 0.004 -28"><span class='ocrx_word' id='word_1_180' title='bbox 165 2965 318 3030; x_wconf 90' lang='lat' dir='ltr'>tinorum</span> <span class='ocrx_word' id='word_1_181' title='bbox 338 2989 454 3054; x_wconf 85' lang='lat' dir='ltr'>regum</span> <span class='ocrx_word' id='word_1_182' title='bbox 474 2989 611 3032; x_wconf 87' lang='lat' dir='ltr'>recensu</span> <span class='ocrx_word' id='word_1_183' title='bbox 631 2968 755 3031; x_wconf 82' lang='lat' dir='ltr'>Acrota</span> <span class='ocrx_word' id='word_1_184' title='bbox 775 2967 829 3031; x_wconf 89' lang='lat' dir='ltr'>vel</span> <span class='ocrx_word' id='word_1_185' title='bbox 852 2967 1004 3054; x_wconf 82' lang='lat' dir='ltr'>Agrippa</span> <span class='ocrx_word' id='word_1_186' title='bbox 1025 2966 1161 3034; x_wconf 89' lang='lat' dir='ltr'>dicitur.</span> <span class='ocrx_word' id='word_1_187' title='bbox 1207 2967 1292 3056; x_wconf 76' lang='lat' dir='ltr'>Tup-</span> 
     </span>
     <span class='ocr_line' id='line_1_22' title="bbox 166 3072 1295 3166; baseline 0.001 -22"><span class='ocrx_word' id='word_1_188' title='bbox 166 3072 255 3159; x_wconf 75' lang='grc' dir='ltr'>σηνο)</span> <span class='ocrx_word' id='word_1_189' title='bbox 277 3079 455 3166; x_wconf 87' lang='lat' dir='ltr'>praedones</span> <span class='ocrx_word' id='word_1_190' title='bbox 472 3090 704 3143; x_wconf 87' lang='lat' dir='ltr'>memorantur</span> <span class='ocrx_word' id='word_1_191' title='bbox 724 3078 824 3145; x_wconf 88' lang='lat' dir='ltr'>Hom.</span> <span class='ocrx_word' id='word_1_192' title='bbox 848 3078 890 3145; x_wconf 89' lang='lat' dir='ltr'>H.</span> <span class='ocrx_word' id='word_1_193' title='bbox 913 3078 952 3142; x_wconf 89' lang='lat' dir='ltr'>in</span> <span class='ocrx_word' id='word_1_194' title='bbox 973 3078 1089 3144; x_wconf 87' lang='lat' dir='ltr'>Bacch.</span> <span class='ocrx_word' id='word_1_195' title='bbox 1109 3084 1155 3160; x_wconf 87' lang='grc'><strong>8.,</strong></span> <span class='ocrx_word' id='word_1_196' title='bbox 1176 3081 1231 3145; x_wconf 93' lang='lat' dir='ltr'>sed</span> <span class='ocrx_word' id='word_1_197' title='bbox 1255 3080 1295 3145; x_wconf 95' lang='lat' dir='ltr'>hi</span> 
     </span>
     <span class='ocr_line' id='line_1_23' title="bbox 165 3191 1293 3280; baseline 0.003 -23"><span class='ocrx_word' id='word_1_198' title='bbox 165 3194 301 3280; x_wconf 90' lang='lat' dir='ltr'>quidem</span> <span class='ocrx_word' id='word_1_199' title='bbox 321 3192 479 3271; x_wconf 91' lang='lat' dir='ltr'>dubium,</span> <span class='ocrx_word' id='word_1_200' title='bbox 501 3216 544 3257; x_wconf 89' lang='lat' dir='ltr'>an</span> <span class='ocrx_word' id='word_1_201' title='bbox 562 3192 651 3258; x_wconf 84' lang='lat' dir='ltr'>Itali.</span> <span class='ocrx_word' id='word_1_202' title='bbox 675 3191 755 3259; x_wconf 88' lang='lat' dir='ltr'>Vid.</span> <span class='ocrx_word' id='word_1_203' title='bbox 775 3191 884 3279; x_wconf 90' lang='lat' dir='ltr'>Heyn.</span> <span class='ocrx_word' id='word_1_204' title='bbox 907 3192 948 3256; x_wconf 90' lang='lat' dir='ltr'>ad</span> <span class='ocrx_word' id='word_1_205' title='bbox 974 3192 1131 3280; x_wconf 87' lang='lat' dir='ltr'>Apollod.</span> <span class='ocrx_word' id='word_1_206' title='bbox 1150 3194 1211 3260; x_wconf 89' lang='grc' dir='ltr'><strong>ΠΙ.</strong></span> <span class='ocrx_word' id='word_1_207' title='bbox 1233 3193 1293 3261; x_wconf 88' lang='grc' dir='ltr'><strong>ΠΙ.</strong></span> 
     </span>
     <span class='ocr_line' id='line_1_24' title="bbox 168 3302 1297 3395; baseline -0.001 -23"><span class='ocrx_word' id='word_1_208' title='bbox 168 3310 201 3373; x_wconf 87' lang='grc'>3.</span> <span class='ocrx_word' id='word_1_209' title='bbox 231 3307 292 3372; x_wconf 75' lang='lat' dir='ltr'>tito</span> <span class='ocrx_word' id='word_1_210' title='bbox 311 3307 353 3371; x_wconf 91' lang='lat' dir='ltr'>de</span> <span class='ocrx_word' id='word_1_211' title='bbox 365 3306 552 3395; x_wconf 86' lang='lat' dir='ltr'>Tyrrhenis</span> <span class='ocrx_word' id='word_1_212' title='bbox 572 3304 787 3393; x_wconf 86' lang='lat' dir='ltr'>cogitandum</span> <span class='ocrx_word' id='word_1_213' title='bbox 807 3327 872 3369; x_wconf 87' lang='lat' dir='ltr'>esse</span> <span class='ocrx_word' id='word_1_214' title='bbox 889 3303 1000 3383; x_wconf 85' lang='lat' dir='ltr'>Italis,</span> <span class='ocrx_word' id='word_1_215' title='bbox 1023 3302 1203 3390; x_wconf 83' lang='lat' dir='ltr'>manifesto</span> <span class='ocrx_word' id='word_1_216' title='bbox 1217 3306 1297 3371; x_wconf 89' lang='lat' dir='ltr'>satis</span> 
     </span>
     <span class='ocr_line' id='line_1_25' title="bbox 167 3416 1296 3506; baseline 0.001 -23"><span class='ocrx_word' id='word_1_217' title='bbox 167 3440 211 3483; x_wconf 84' lang='lat' dir='ltr'>ex</span> <span class='ocrx_word' id='word_1_218' title='bbox 236 3417 370 3482; x_wconf 81' lang='lat' dir='ltr'>adiectis</span> <span class='ocrx_word' id='word_1_219' title='bbox 390 3418 510 3506; x_wconf 91' lang='lat' dir='ltr'>liquet.</span> <span class='ocrx_word' id='word_1_220' title='bbox 555 3417 785 3505; x_wconf 84' lang='lat' dir='ltr'>Tyrrheniam</span> <span class='ocrx_word' id='word_1_221' title='bbox 815 3429 928 3482; x_wconf 87' lang='lat' dir='ltr'>autem</span> <span class='ocrx_word' id='word_1_222' title='bbox 955 3416 1081 3482; x_wconf 88' lang='lat' dir='ltr'>dictam</span> <span class='ocrx_word' id='word_1_223' title='bbox 1110 3417 1296 3505; x_wconf 84' lang='lat' dir='ltr'>antiquitus</span> 
     </span>
     <span class='ocr_line' id='line_1_26' title="bbox 166 3529 1294 3620; baseline 0.002 -23"><span class='ocrx_word' id='word_1_224' title='bbox 166 3553 304 3597; x_wconf 90' lang='lat' dir='ltr'>omnem</span> <span class='ocrx_word' id='word_1_225' title='bbox 312 3529 486 3598; x_wconf 85' lang='lat' dir='ltr'>Occidenti</span> <span class='ocrx_word' id='word_1_226' title='bbox 501 3531 674 3598; x_wconf 87' lang='lat' dir='ltr'>obversam</span> <span class='ocrx_word' id='word_1_227' title='bbox 691 3531 838 3613; x_wconf 87' lang='lat' dir='ltr'>Italiam,</span> <span class='ocrx_word' id='word_1_228' title='bbox 849 3543 964 3597; x_wconf 87' lang='lat' dir='ltr'>auctor</span> <span class='ocrx_word' id='word_1_229' title='bbox 979 3543 1027 3596; x_wconf 87' lang='lat' dir='ltr'>est</span> <span class='ocrx_word' id='word_1_230' title='bbox 1036 3531 1177 3620; x_wconf 85' lang='lat' dir='ltr'>Dionys.</span> <span class='ocrx_word' id='word_1_231' title='bbox 1187 3532 1294 3599; x_wconf 90' lang='lat' dir='ltr'>Halic.</span> 
     </span>
     <span class='ocr_line' id='line_1_27' title="bbox 168 3644 1297 3734; baseline -0.002 -24"><span class='ocrx_word' id='word_1_232' title='bbox 168 3644 196 3712; x_wconf 91' lang='grc' dir='ltr'><strong>Ι.</strong></span> <span class='ocrx_word' id='word_1_233' title='bbox 220 3669 254 3734; x_wconf 85' lang='lat' dir='ltr'>p.</span> <span class='ocrx_word' id='word_1_234' title='bbox 284 3647 339 3711; x_wconf 86' lang='lat'>20.</span> <span class='ocrx_word' id='word_1_235' title='bbox 385 3647 466 3712; x_wconf 87' lang='lat' dir='ltr'>Erat</span> <span class='ocrx_word' id='word_1_236' title='bbox 489 3646 616 3712; x_wconf 83' lang='lat' dir='ltr'>illuce</span> <span class='ocrx_word' id='word_1_237' title='bbox 649 3645 787 3712; x_wconf 88' lang='lat' dir='ltr'>Graecia</span> <span class='ocrx_word' id='word_1_238' title='bbox 811 3645 1048 3734; x_wconf 84' lang='lat' dir='ltr'>navigantibus</span> <span class='ocrx_word' id='word_1_239' title='bbox 1076 3646 1143 3710; x_wconf 90' lang='lat' dir='ltr'>iter</span> <span class='ocrx_word' id='word_1_240' title='bbox 1163 3657 1297 3734; x_wconf 83' lang='lat' dir='ltr'>praeter</span> 
     </span>
     <span class='ocr_line' id='line_1_28' title="bbox 168 3757 1361 3857; baseline -0.002 -33"><span class='ocrx_word' id='word_1_241' title='bbox 168 3757 321 3824; x_wconf 89' lang='lat' dir='ltr'>Siciliam</span> <span class='ocrx_word' id='word_1_242' title='bbox 335 3758 480 3846; x_wconf 87' lang='lat' dir='ltr'>aliasque</span> <span class='ocrx_word' id='word_1_243' title='bbox 490 3758 626 3825; x_wconf 89' lang='lat' dir='ltr'>insulas.</span> <span class='ocrx_word' id='word_1_244' title='bbox 645 3757 759 3845; x_wconf 85' lang='lat' dir='ltr'>Itaque</span> <span class='ocrx_word' id='word_1_245' title='bbox 769 3782 838 3824; x_wconf 88' lang='lat' dir='ltr'>non</span> <span class='ocrx_word' id='word_1_246' title='bbox 850 3757 1135 3857; x_wconf 84' lang='lat' dir='ltr'>ineptedicuntur</span> <span class='ocrx_word' id='word_1_247' title='bbox 1148 3757 1193 3847; x_wconf 88' lang='lat' dir='ltr'>(v.</span> <span class='ocrx_word' id='word_1_248' title='bbox 1211 3758 1297 3823; x_wconf 79' lang='lat'>1014</span> <span class='ocrx_word' id='word_1_249' title='bbox 1355 3784 1361 3791; x_wconf 69' lang='grc'><em>’</em></span> 
     </span>
    </p>
   </div>
   <div class='ocr_carea' id='block_1_10' title="bbox 169 3859 1426 3961">
    <p class='ocr_par' dir='ltr' id='par_1_11' title="bbox 169 3859 1426 3961">
     <span class='ocr_line' id='line_1_29' title="bbox 169 3859 1426 3961; baseline 0.002 -26"><span class='ocrx_word' id='word_1_250' title='bbox 169 3869 248 3959; x_wconf 88' lang='lat' dir='ltr'>seq.)</span> <span class='ocrx_word' id='word_1_251' title='bbox 274 3870 447 3960; x_wconf 81' lang='lat' dir='ltr'>Tyrrheni</span> <span class='ocrx_word' id='word_1_252' title='bbox 461 3870 617 3945; x_wconf 85' lang='lat' dir='ltr'>habitare</span> <span class='ocrx_word' id='word_1_253' title='bbox 633 3860 742 3961; x_wconf 78' lang='grc' dir='ltr'><strong><em>μυχῷ</em></strong></span> <span class='ocrx_word' id='word_1_254' title='bbox 762 3865 859 3949; x_wconf 75' lang='grc' dir='ltr'>νησῶν</span> <span class='ocrx_word' id='word_1_255' title='bbox 870 3859 990 3957; x_wconf 72' lang='grc' dir='ltr'><strong>ἱεράων.</strong></span> <span class='ocrx_word' id='word_1_256' title='bbox 1012 3870 1078 3936; x_wconf 88' lang='lat' dir='ltr'>Neo</span> <span class='ocrx_word' id='word_1_257' title='bbox 1096 3870 1234 3939; x_wconf 86' lang='lat' dir='ltr'>fortasse</span> <span class='ocrx_word' id='word_1_258' title='bbox 1247 3895 1296 3937; x_wconf 89' lang='lat' dir='ltr'>sa·</span> <span class='ocrx_word' id='word_1_259' title='bbox 1424 3876 1426 3882; x_wconf 79' lang='grc'>’</span> 
     </span>
    </p>
   </div>
   <div class='ocr_carea' id='block_1_11' title="bbox 169 3970 1299 4421">
    <p class='ocr_par' dir='ltr' id='par_1_12' title="bbox 169 3970 1299 4421">
     <span class='ocr_line' id='line_1_30' title="bbox 169 3970 1299 4071; baseline 0.004 -26"><span class='ocrx_word' id='word_1_260' title='bbox 169 3983 213 4047; x_wconf 91' lang='lat' dir='ltr'>tis</span> <span class='ocrx_word' id='word_1_261' title='bbox 237 3995 313 4048; x_wconf 85' lang='lat' dir='ltr'>turn</span> <span class='ocrx_word' id='word_1_262' title='bbox 341 3981 504 4061; x_wconf 85' lang='lat' dir='ltr'>sciebant,</span> <span class='ocrx_word' id='word_1_263' title='bbox 536 3994 659 4048; x_wconf 89' lang='lat' dir='ltr'>essetne</span> <span class='ocrx_word' id='word_1_264' title='bbox 679 3983 752 4071; x_wconf 88' lang='lat' dir='ltr'>ipsa</span> <span class='ocrx_word' id='word_1_265' title='bbox 779 3982 877 4048; x_wconf 88' lang='lat' dir='ltr'>Italia</span> <span class='ocrx_word' id='word_1_266' title='bbox 902 3983 1013 4047; x_wconf 87' lang='lat' dir='ltr'>insula</span> <span class='ocrx_word' id='word_1_267' title='bbox 1032 3970 1145 4051; x_wconf 77' lang='lat' dir='ltr'>neone.</span> <span class='ocrx_word' id='word_1_268' title='bbox 1174 3979 1299 4067; x_wconf 32' lang='lat' dir='ltr'>,Nlo-01</span> 
     </span>
     <span class='ocr_line' id='line_1_31' title="bbox 170 4085 1297 4183; baseline 0.004 -24"><span class='ocrx_word' id='word_1_269' title='bbox 170 4085 259 4180; x_wconf 70' lang='lat' dir='ltr'>tepet</span> <span class='ocrx_word' id='word_1_270' title='bbox 271 4096 373 4162; x_wconf 76' lang='lat' dir='ltr'>variis</span> <span class='ocrx_word' id='word_1_271' title='bbox 392 4096 552 4161; x_wconf 87' lang='lat' dir='ltr'>decausis</span> <span class='ocrx_word' id='word_1_272' title='bbox 572 4095 640 4160; x_wconf 90' lang='lat' dir='ltr'>dici</span> <span class='ocrx_word' id='word_1_273' title='bbox 655 4106 855 4183; x_wconf 85' lang='lat' dir='ltr'>potuerunt,</span> <span class='ocrx_word' id='word_1_274' title='bbox 871 4096 925 4160; x_wconf 87' lang='lat' dir='ltr'>vel</span> <span class='ocrx_word' id='word_1_275' title='bbox 944 4094 988 4159; x_wconf 96' lang='lat' dir='ltr'>ob</span> <span class='ocrx_word' id='word_1_276' title='bbox 1006 4096 1153 4161; x_wconf 91' lang='lat' dir='ltr'>Deorum</span> <span class='ocrx_word' id='word_1_277' title='bbox 1168 4096 1218 4162; x_wconf 92' lang='lat' dir='ltr'>ibi</span> <span class='ocrx_word' id='word_1_278' title='bbox 1232 4099 1297 4163; x_wconf 90' lang='lat' dir='ltr'>do·</span> 
     </span>
     <span class='ocr_line' id='line_1_32' title="bbox 170 4205 1296 4298; baseline 0.004 -28"><span class='ocrx_word' id='word_1_279' title='bbox 170 4205 300 4272; x_wconf 89' lang='lat' dir='ltr'>micilia</span> <span class='ocrx_word' id='word_1_280' title='bbox 321 4220 380 4273; x_wconf 90' lang='lat' dir='ltr'>aut</span> <span class='ocrx_word' id='word_1_281' title='bbox 394 4230 512 4296; x_wconf 86' lang='lat' dir='ltr'>pascua</span> <span class='ocrx_word' id='word_1_282' title='bbox 530 4205 585 4297; x_wconf 86' lang='lat' dir='ltr'>(ut</span> <span class='ocrx_word' id='word_1_283' title='bbox 611 4206 712 4272; x_wconf 85' lang='lat' dir='ltr'>fuisse</span> <span class='ocrx_word' id='word_1_284' title='bbox 733 4205 892 4273; x_wconf 82' lang='lat' dir='ltr'>feruntur</span> <span class='ocrx_word' id='word_1_285' title='bbox 911 4206 998 4273; x_wconf 86' lang='lat' dir='ltr'>Solis</span> <span class='ocrx_word' id='word_1_286' title='bbox 1023 4208 1061 4272; x_wconf 89' lang='lat' dir='ltr'>in</span> <span class='ocrx_word' id='word_1_287' title='bbox 1076 4206 1214 4298; x_wconf 88' lang='lat' dir='ltr'>Sicilia),</span> <span class='ocrx_word' id='word_1_288' title='bbox 1242 4212 1296 4275; x_wconf 87' lang='lat' dir='ltr'>vel</span> 
     </span>
     <span class='ocr_line' id='line_1_33' title="bbox 171 4318 1151 4421; baseline 0.002 -39"><span class='ocrx_word' id='word_1_289' title='bbox 171 4318 386 4406; x_wconf 86' lang='lat' dir='ltr'>simpliciter,</span> <span class='ocrx_word' id='word_1_290' title='bbox 410 4322 500 4403; x_wconf 90' lang='lat' dir='ltr'>quod</span> <span class='ocrx_word' id='word_1_291' title='bbox 522 4332 629 4387; x_wconf 87' lang='lat' dir='ltr'>essent</span> <span class='ocrx_word' id='word_1_292' title='bbox 649 4343 799 4421; x_wconf 70' lang='lat' dir='ltr'>magnae.</span> <span class='ocrx_word' id='word_1_293' title='bbox 824 4319 922 4387; x_wconf 83' lang='lat' dir='ltr'>Conf.</span> <span class='ocrx_word' id='word_1_294' title='bbox 948 4321 987 4386; x_wconf 91' lang='grc' dir='ltr'><strong>ΙΙ.</strong></span> <span class='ocrx_word' id='word_1_295' title='bbox 1013 4321 1048 4386; x_wconf 91' lang='grc' dir='ltr'>Β.</span> <span class='ocrx_word' id='word_1_296' title='bbox 1074 4322 1151 4386; x_wconf 86' lang='grc'><strong>626.</strong></span> 
     </span>
    </p>
   </div>
   <div class='ocr_carea' id='block_1_12' title="bbox 0 0 1503 5209">
    <p class='ocr_par' dir='ltr' id='par_1_13' title="bbox 0 0 1503 5209">
     <span class='ocr_line' id='line_1_34' title="bbox 0 0 1503 5209; baseline 0 0"><span class='ocrx_word' id='word_1_297' title='bbox 0 0 1503 5209; x_wconf 95' lang='lat' dir='ltr'> </span> 
     </span>
    </p>
   </div>
  </div>
 </body>
</html>
