2967 5209
270 481 343 557 210
450 569 456 580 ,
519 584 522 589 .
715 515 954 563 consternans

316 702 347 745 v.
376 683 440 749 194
454 706 518 771 seq.
546 685 629 772 Nata
654 685 782 755 Venere
801 685 917 753 omnia
940 684 1044 773 magia
1067 683 1108 748 ad
1130 695 1340 750 venustatem
1363 699 1391 751 et

270 812 419 860 amorem
440 818 473 862 se
491 803 715 888 componunt:
738 821 805 885 qua
828 797 963 875 incedit,
989 808 1107 863 vernat
1128 809 1233 875 terra,
1256 809 1295 862 ut
1312 800 1390 886 apud

270 903 455 973 Homerum
475 910 517 977 Il.
538 913 576 976 Ξ.
600 912 676 979 341.
701 912 739 977 in
760 912 849 976 Iovis
867 922 901 977 et
919 910 1057 975 Iunonis
1068 909 1264 975 concubitu.
1287 909 1388 999 (Cous.

269 1016 443 1087 Lucretius
464 1021 491 1089 I.
513 1021 559 1111 7.)
586 1025 650 1092 Illa
666 1036 790 1102 autem,
809 1023 933 1091 Amore
954 1036 988 1091 et
1005 1021 1175 1111 Cupidine
1192 1012 1391 1112 (Ἱροόρῳ)οο·

270 1131 401 1213 mitats,
420 1135 567 1205 Deorum
586 1140 625 1205 ad
647 1150 781 1207 coetum
798 1161 832 1205 ae
850 1135 981 1205 confert
1000 1147 1046 1227 (v.
1062 1137 1124 1203 201
1144 1135 1242 1226 aeq.),
1257 1158 1388 1224 qnorum

270 1243 351 1311 hinc
367 1248 521 1339 deinoeps
540 1275 667 1321 amores
686 1264 719 1320 et
738 1253 892 1343 ooniugia
916 1263 1110 1321 narrantur.

315 1496 348 1540 v.
364 1477 439 1543 197.
462 1467 676 1558 κικλήσκουσι
700 1468 764 1546 θεοί
785 1495 824 1545 σε
847 1469 903 1542 κοιλ
922 1444 1040 1565 deripis,
1064 1477 1146 1543 alias
1164 1498 1262 1564 saepe
1279 1472 1389 1541 diversi

271 1585 309 1648 n
330 1586 516 1655 tribuendis
536 1574 742 1658 nonninus.
767 1592 846 1660 viu
865 1592 908 1657 11.
929 1594 969 1659 s.
995 1592 1069 1659 soa.
1096 1591 1133 1657 a.
1158 1594 1237 1659 sss.
1261 1593 1298 1659 r·
1322 1587 1386 1652 ιιι.

271 1696 337 1765 Od.
359 1700 399 1766 K.
425 1704 502 1768 305.
697 1702 699 1707 ’

320 1803 424 1877 οὕνεκ’
449 1801 481 1879 ἓν
505 1803 604 1904 ιὀφρῷ
623 1805 759 1906 θρέφθη)
780 1817 861 1883 haas
884 1816 1063 1905 respiciens
1081 1810 1179 1881 Plato
1204 1814 1244 1879 in
1263 1812 1388 1900 Cratylo

270 1948 306 2014 p.
327 1926 403 1996 106.
423 1927 521 1995 dieite
544 1921 619 2018 nep>
640 1916 839 2019 Ἀφροδίτης
857 1926 917 1996 οὐκ
936 1918 1029 2012 ἄξιοι
1046 1915 1191 2018 Ἡσιόδῳ
1208 1916 1386 2015 ἀντιλέγειν·

271 2027 366 2107 ἀλλὰ
393 2032 600 2131 ξυγχωρεῖν,
628 2032 679 2111 tn
711 2032 768 2114 tn
790 2035 847 2125 τήν
864 2042 922 2109 σοῦ
945 2031 1055 2130 σἰφροῦ
1083 2027 1136 2124 (iu
1164 2040 1226 2106 σοῦ
1246 2022 1387 2126 nepoti)

270 2142 397 2239 γένεσιν
422 2143 605 2243 Ἀφροδίτη
633 2143 763 2238 ἐκλήθη·
795 2181 856 2224 nec
879 2156 1023 2223 dubium
1057 2167 1125 2234 ast,
1151 2154 1238 2243 quin
1266 2151 1384 2224 eadem,

269 2267 424 2352 quamvis
443 2267 625 2337 Hesiodum
645 2294 715 2336 non
727 2281 962 2347 memorantes,
980 2266 1162 2356 respicient
1177 2267 1280 2332 etiam
1297 2260 1387 2351 Ovid-¹

156 2398 159 2405 '
270 2380 351 2447 Met·
385 2381 443 2451 IV.
468 2385 533 2450 536
566 2406 632 2470 seq.
660 2385 749 2449 Fast.
783 2383 843 2451 IV.
874 2384 913 2448 61
943 2404 1009 2468 seq.
1031 2381 1172 2448 nonnus
1195 2380 1237 2449 ad
1264 2377 1383 2462 (ἓτερον.

270 2489 298 2557 f·
321 2495 377 2560 68.
399 2516 439 2582 p.
466 2497 541 2561 520.
572 2496 612 2562 D.
640 2496 828 2563 Macrobius
856 2496 884 2562 l.
906 2494 1042 2562 saturn.
1068 2498 1090 2562 8
1112 2507 1148 2560 et
1169 2496 1221 2560 12.
1245 2490 1332 2558 serv.
1350 2484 1383 2551 td
1439 2500 1440 2557 1

271 2604 355 2670 Aen.
376 2605 418 2672 V.
440 2608 496 2673 81.
522 2607 669 2675 Isidorus
691 2606 786 2696 Orig.
805 2607 898 2674 VIII.
921 2630 952 2672 o.
974 2608 1027 2673 11.
1053 2610 1071 2694 §
1095 2607 1147 2673 19.
1178 2604 1241 2673 Ed.
1270 2596 1382 2667 Matril·

269 2739 414 2805 quorum
440 2730 554 2783 tamen
584 2720 782 2807 posteriores
814 2707 1016 2808 Ἀφροδὶτην
1036 2711 1106 2785 ἀοι-0
1127 2718 1189 2782 σοῦ
1212 2705 1318 2802 ἀφροῦ
1336 2707 1382 2774 di·

268 2840 357 2909 ctam
386 2831 508 2898 volunt
535 2831 778 2912 alienatione,
812 2833 946 2923 qualem
964 2831 1070 2898 secuti
1088 2853 1222 2919 quoque
1240 2827 1382 2913 Diogenes
1438 2838 1439 2863 ³

270 2927 500 3032 Apolloniates
528 2944 617 3033 apud
647 2944 856 3013 Clementem
881 2946 980 3013 Alex.
1003 2943 1139 3031 Paedag.
1158 2944 1185 3009 I.
1207 2944 1238 3007 6.
1264 2961 1298 3027 p·
1320 2933 1379 3001 12⁶·
1438 2998 1439 3025 η

269 3068 303 3123 et
320 3056 490 3124 Cornutus
510 3082 541 3126 e.
563 3060 617 3126 24.
641 3083 677 3148 p.
705 3062 789 3125 197.

313 3168 424 3237 Verba
444 3192 489 3235 ex
505 3170 542 3239 h.
563 3195 597 3239 v.
621 3163 676 3251 rio
698 3157 895 3259 Ἀφροδίτην
915 3192 994 3235 cum
1015 3167 1165 3235 versibus
1179 3161 1344 3235 teu-196
1354 3165 1380 3218 θῐ

269 3286 351 3362 200,
382 3294 422 3347 ut
441 3284 593 3362 Hesiodi,
621 3285 771 3350 citantur
798 3285 886 3372 apud
908 3285 1023 3371 Etym.
1045 3282 1093 3349 M.
1119 3304 1167 3370 p:
1181 3284 1256 3348 179.
1281 3281 1310 3343 4·
1330 3267 1379 3335 ubi

268 3396 381 3485 agitur
401 3396 442 3461 de
459 3396 596 3484 origine·
610 3398 761 3463 nominis
782 3384 983 3485 Ἀφροδίτη,
1006 3396 1062 3460 sed
1084 3394 1206 3461 absunt
1225 3391 1264 3458 hi
1282 3401 1378 3455 veram
1437 3474 1438 3483 φ

165 3512 169 3517 ’
268 3509 393 3576 alibro
414 3509 570 3575 Gudiano
584 3532 618 3597 p.
632 3513 704 3588 97„
726 3511 879 3596 quamvis
901 3507 950 3574 ihi
968 3505 1133 3596 copiosior
1151 3506 1197 3571 sit
1213 3490 1376 3586 retiquade

267 3624 406 3690 nomine
425 3623 619 3711 disputatio.
665 3622 797 3689 Abeunt
820 3623 903 3688 item
924 3643 942 3686 a
962 3618 1112 3685 Parisino
1129 3614 1278 3690 Bskksn,
1296 3604 1375 3673 00198

267 3737 345 3832 yide
365 3736 615 3804 adnotationem
635 3736 676 3802 ad
701 3737 816 3823 Etym.
836 3734 883 3802 M.
903 3757 938 3822 p.
958 3734 1034 3798 777.

310 3987 343 4028 v.
366 3964 429 4030 196
451 3962 711 4028 abiudioandum
731 3959 872 4026 Hesiodo
892 3970 980 4023 reste
998 3957 1160 4022 camnine
1185 3949 1273 4019 mihi
1295 3939 1371 4009 vide·
1436 3938 1437 3941 ’

266 4087 323 4141 tur
334 4076 501 4154 wolfius,
518 4086 603 4152 tum,
624 4074 713 4160 quod
727 4095 766 4136 eo
784 4071 906 4137 reiecto
918 4070 1042 4136 melius
1055 4067 1239 4157 procedunt
1254 4061 1368 4125 haeret?

264 4180 320 4268 τήν
343 4175 375 4253 d’
403 4174 602 4275 Ἀφροδίτην
626 4173 839 4263 κικλήσκουσι
860 4171 923 4250 teat
938 4170 1176 4270 τεοολάιέριι,
1196 4189 1277 4248 tum,
1295 4155 1368 4252 qnod
1435 4224 1436 4263 7

265 4290 465 4389 οἰφρογειῖηο,
491 4289 693 4386 ἀφρογέιειοι
715 4298 820 4384 magis
849 4296 891 4361 ob
911 4286 1110 4362 Hesiodeum¹
1127 4291 1282 4380 mythnm
1307 4273 1367 4340 fbf·
