2967 5209
488 524 521 570 ιιι
547 522 674 571 sssrom
698 520 913 570 rssoeosnu.
1189 493 1262 567 295

94 768 99 781 ¹
128 715 342 784 nequaquam
368 696 580 762 conveniant.
626 692 770 763 Videtur
786 695 849 760 illc
865 693 1015 760 maxime
1035 692 1205 759 offendisse
1219 691 1260 756 ad

127 801 259 895 πρῶτον
285 807 331 897 (v.
346 804 448 896 513.)‚
467 809 555 896 quod
575 819 699 888 tamen,
717 830 773 873 me
787 808 907 887 iudice,
927 806 1137 872 commodam
1152 805 1260 870 inter·

126 920 356 1010 pretationem
385 920 517 1009 recipit.
565 919 699 987 Scilicet
729 907 887 1009 c’csdpaicts
907 906 1144 1004 ἀλφηστῇσιν,
1168 919 1203 986 h.
1230 941 1259 983 e.

56 1081 59 1085 -
126 1034 189 1114 iis,
213 1033 273 1120 qui
291 1044 364 1099 arte
376 1045 419 1099 ‘et
443 1034 556 1100 labore
578 1034 644 1100 sibi
658 1035 789 1100 victum
803 1045 979 1122 quaerunt,
995 1032 1036 1098 ab
1054 1032 1155 1097 initio
1168 1054 1250 1097 noxa

125 1145 350 1234 Epimetheus
372 1145 513 1224 exstitit,
537 1146 697 1233 quoniam
721 1146 762 1211 ad
785 1144 1068 1233 cumprimum
1087 1143 1255 1231 perducta,

126 1259 172 1324 ab
193 1282 306 1347 eoque,
330 1272 368 1325 nt
381 1259 530 1326 traditur
548 1259 651 1326 etiam
666 1240 763 1347 ''qust
788 1258 831 1323 st
854 1279 953 1344 seqq,
972 1266 1105 1345 recepta
1115 1267 1163 1319 est
1182 1278 1259 1320 mu·

125 1373 195 1439 liar
217 1374 288 1438 eius
307 1374 447 1462 generis,
469 1376 567 1462 quale
588 1384 708 1438 natum
728 1394 822 1439 exea
842 1372 996 1459 deinceps
1014 1369 1093 1449 fuit,
1113 1369 1259 1457 quaesita

125 1506 148 1549 a
181 1484 265 1549 viris
284 1472 461 1551 industriis
487 1484 573 1550 bona
595 1484 782 1551 absumens.
806 1484 892 1552 Vide
910 1481 1001 1550 infra
1028 1505 1061 1549 v.
1083 1485 1149 1555 590
1171 1504 1257 1569 seqq.

126 1596 322 1663 Muetzellio
342 1609 454 1663 autem
476 1585 647 1684 παρθένον,
669 1606 874 1685 quamquam
895 1597 1031 1661 nullum
1050 1568 1174 1662 habens
1185 1618 1258 1662 sen·

125 1710 253 1775 tentiae
274 1723 498 1791 momentum,
524 1710 696 1799 principio
712 1720 826 1775 tamen
847 1730 959 1775 versus
978 1710 1179 1774 collocatum
1197 1709 1258 1787 ita,

123 1835 167 1889 nt
186 1823 355 1888 enuntiati
376 1824 480 1889 simul
500 1821 601 1889 faciat
625 1822 823 1899 clausulam,
849 1832 883 1886 et
899 1820 1011 1908 ipsum
1031 1820 1155 1885 iustam
1179 1822 1258 1885 mo-

124 1958 205 2004 vere
223 1935 445 2024 suspicionem
468 1932 618 2003 videtur:
643 1933 697 1999 sed
723 1944 906 2021 agnoscunt
925 1932 1127 1998 vocabulum
1143 1955 1258 1999 omnes

125 2047 273 2128 Codices,
290 2050 490 2137 postemque
510 2049 549 2114 in
567 2047 631 2114 lmc
652 2032 809 2131 παρθένου
823 2046 995 2111 mentione
1009 2043 1074 2111 sibi
1084 2046 1255 2133 placuisse,

125 2172 292 2227 testantur
308 2143 404 2250 '‘Epy.
427 2183 461 2227 v.
485 2162 528 2227 63
548 2173 582 2226 et
605 2163 659 2228 71.
683 2157 777 2225 infra
799 2183 831 2226 v.
856 2160 930 2224 572.

171 2406 228 2452 vv.
262 2386 448 2453 ιιι-ιιι.
484 2387 619 2453 natur
651 2386 740 2475 apua
772 2352 1017 2475 Apollodorum
1046 2387 1258 2454 1.11.a.et

126 2497 239 2567 schot.
254 2499 423 2566 adAesch.
445 2500 557 2567 Prom.
579 2523 613 2567 v.
632 2501 708 2568 347.
728 2502 805 2565 397.
826 2497 1033 2565 Menoetium
1056 2487 1258 2588 κεραυνώσας
1327 2591 1332 2595 ἢ

126 2599 160 2677 ἓν
184 2604 227 2699 τῇ
252 2605 499 2704 Τντνινομννχῖᾳ
524 2611 601 2685 Zeia
620 2599 943 2700 κατασαρτάρωσνν,
966 2613 1055 2701 qnod
1073 2637 1157 2680 num
1173 2615 1256 2680 item

126 2726 275 2791 voluerit
299 2726 477 2807 Hesiodus,
510 2729 678 2793 incertum
698 2738 757 2794 est.
803 2726 968 2814 Equidem
989 2727 1257 2813 antiquissimam

127 2836 279 2905 fabulam
301 2840 397 2905 aliud
414 2851 574 2927 spectasse
587 2838 744 2904 arbitror.
773 2838 944 2902 Incertum
966 2860 1116 2924 quoque,
1138 2850 1257 2904 utrum

127 2975 147 3019 a
174 2952 338 3017 Titanum
365 2949 518 3040 partibus
537 2949 663 3016 stetisse
688 2949 911 3027 Menoetium,
945 2948 1070 3013 alicubi
1089 2949 1259 3016 invenerit

127 3066 371 3154 Apollodorus,
397 3086 440 3128 an
459 3062 592 3128 veroid
612 3059 849 3125 tantummodo
872 3059 1045 3146 collegerit
1064 3081 1107 3124 ex
1123 3058 1257 3126 Hesiodi

128 3176 239 3242 verbis
257 3176 322 3241 hoc
341 3178 427 3242 loco.
476 3175 571 3242 Nunc
593 3172 728 3261 quidem
752 3170 957 3237 Menoetium
981 3171 1065 3237 alibi
1087 3194 1257 3239 memora·

129 3301 204 3355 tum
226 3288 288 3355 vix
311 3287 472 3354 invenias.
690 3270 692 3277 ¹

172 3538 229 3583 vv.
257 3517 444 3582 517—520.
468 3515 577 3592 Poeta,
603 3512 777 3580 Atlantem
799 3511 896 3577 nobis
918 3511 1082 3578 exhibens
1099 3514 1208 3600 capite
1221 3537 1258 3582 ac

130 3628 285 3697 manibus
298 3628 517 3694 sustinentem
532 3628 674 3704 coelum,
696 3625 902 3691 hauddubie
918 3626 1061 3714 gigantis
1075 3626 1139 3692 sibi
1154 3628 1257 3693 illum

131 3739 331 3811 informavit
350 3741 512 3830 imagine,
533 3764 603 3806 non
623 3740 760 3805 montis.
791 3738 958 3805 Similiter
978 3740 1152 3820 Homerus,
1170 3743 1257 3829 apud

131 3877 226 3943 quem
257 3854 320 3922 Od.
352 3856 392 3921 A.
419 3857 461 3923 52
484 3877 571 3942 seqq.
593 3853 719 3919 dicitnr
739 3852 885 3940 Calypso
900 3834 1088 3923 ''Attamoc
1112 3840 1258 3944 θυγάτηρ

131 3957 321 4057 ὀλοόφρονος
328 4013 339 4052 ,
364 3957 445 4036 ὅστε
467 3956 638 4046 θαλάσσης
663 3954 782 4044 Heium
804 3951 924 4049 βένθεα
944 3949 1037 4031 οἶδεν·
1062 3957 1139 4054 ἔχει
1160 3954 1200 4032 δέ
1221 3984 1259 4032 τε

132 4073 235 4152 κίονας
255 4073 353 4153 αὐτὸς
371 4073 528 4169 Μακρὰς,
542 4066 581 4145 a‘l
596 4065 699 4169 γαῖάν
718 4096 757 4143 τε
778 4070 835 4144 καὶ
856 4068 982 4165 οὐρανὸν
998 4066 1259 4171 ἄμφὶςὲχουσιε

15 4276 16 4283 ¹
132 4214 331 4281 quamquam
355 4195 405 4261 ibi
436 4193 528 4261 Atlas
557 4204 720 4258 nontam
741 4191 873 4256 coelum
896 4190 1006 4279 capite
1031 4202 1065 4257 et
1087 4193 1256 4273 manibus,

132 4322 231 4395 quam
253 4311 425 4377 columnas
446 4309 576 4374 coelum
604 4302 780 4371 fulcientes
794 4303 905 4391 aliqua
925 4304 1055 4368 ratione
1077 4316 1190 4372 tenens
1205 4309 1256 4373 vel
1330 4363 1334 4369 .
