2967 5209
236 448 320 536 300⁶
672 482 914 532 comeranus

234 657 277 721 iis
298 657 468 721 malorum
484 677 579 719 causa
603 654 647 744 (r.
675 652 884 743 ooo-611.).
922 656 967 721 At
986 652 1223 720 Prometheum
1245 650 1368 736 ipsum

235 769 364 857 Ippiter
386 770 510 846 iratus,
533 769 623 857 quod
639 791 750 835 secum
769 768 910 834 consilio
931 779 964 832 et
985 766 1106 830 astutia
1125 763 1367 838 contendisset,

234 882 449 950 validissimis
479 881 694 970 compedibus
717 882 757 947 ad
785 883 978 946 columnam
999 877 1173 965 alligavit,
1194 876 1292 963 eique
1315 874 1368 938 sic

233 996 382 1083 aquilam
416 997 578 1075 immisit,
612 987 681 1062 eius
706 996 749 1070 ad
770 992 1011 1060 comedendum
1035 992 1146 1066 ieeur,
1169 988 1266 1052 cuius
1293 987 1366 1051 im·

107 1114 112 1127 '
233 1110 372 1174 mortali
402 1121 522 1173 natura
542 1108 660 1188 fiebat,
692 1120 733 1173 ut
752 1118 918 1196 quantum
944 1105 999 1169 die
1024 1102 1207 1191 deperisset
1227 1100 1361 1186 aquila,

130 1307 133 1321 ‚
233 1234 366 1288 tantum
385 1235 481 1289 nocte
500 1234 694 1289 recresceret
710 1221 759 1306 (r.
780 1223 968 1288 etz-«515.
986 1217 1200 1302 521-524.).
1227 1213 1280 1282 Ab
1299 1215 1363 1279 hae

233 1346 323 1423 peste
353 1335 591 1402 Prometheum
621 1335 780 1402 liberavit
803 1336 941 1401 demum
974 1332 1132 1398 Hercules
1159 1328 1360 1404 Thebanus,

233 1450 450 1535 permittente
476 1449 567 1515 illud
597 1449 734 1516 lovain
756 1447 824 1513 filii
846 1445 898 1511 sui
919 1444 1081 1534 gratiam,
1113 1442 1241 1530 quippe
1263 1441 1364 1505 cuius

89 1638 96 1650 ι
173 1556 176 1559 ’
233 1561 340 1647 gloria
363 1559 427 1627 hoe
449 1558 537 1625 facto
561 1571 737 1648 augeretur
760 1557 806 1647 (v.
833 1554 1048 1644 526-533.).

278 1674 412 1751 Poenae,
433 1673 632 1738 Prometheo
646 1671 806 1751 inflictae,
825 1674 917 1737 locus
933 1672 975 1738 ab
989 1671 1130 1737 Hesiodo
1151 1693 1221 1735 non
1231 1668 1361 1733 indica·

234 1797 307 1863 tur3
328 1783 370 1848 ab
379 1784 545 1871 Aeschylo
558 1784 595 1848 in
611 1784 809 1850 Prometheo
819 1785 943 1852 Vincto
954 1786 1065 1873 princ.
1076 1785 1268 1872 designatur
1279 1781 1358 1870 scy-

233 1896 322 1973 thia,
347 1897 401 1961 sed
428 1896 621 1976 abeodem,
647 1908 686 1960 ut
704 1919 749 1962 ex
768 1896 926 1964 Cicerone
946 1898 1054 1984 liquet
1073 1899 1117 1970 Τ.
1147 1896 1260 1984 Q.11.
1287 1899 1357 1973 10.,

233 2007 271 2070 in
300 2005 497 2071 Prometheo
523 2005 657 2085 Soluto,
689 2007 847 2073 disertius
878 2009 1044 2073 indicatus
1078 2007 1147 2074 fuit
1178 2008 1357 2086 Caucasus,

232 2142 334 2207 quam
358 2119 575 2185 traditionem
598 2118 705 2185 ferme
726 2121 879 2208 amplexi
903 2133 984 2186 sunt
1003 2123 1213 2187 recentiores.
1262 2122 1358 2209 Apud

234 2233 414 2298 Hesiodum
432 2233 468 2298 h.
487 2235 514 2298 l.
531 2234 572 2298 ad
586 2234 783 2300 columnam
803 2234 927 2322 ligatus
944 2233 1046 2299 fuisse
1064 2236 1212 2300 traditur
1227 2235 1358 2300 Prome·

236 2348 351 2425 them,
375 2330 463 2434 apud
481 2346 687 2435 Aeschylum
704 2348 745 2412 ad
760 2359 902 2435 petram,
923 2348 992 2414 sive
1010 2371 1142 2427 saxum,
1167 2359 1201 2412 et
1225 2348 1357 2435 quidem

234 2447 391 2546 διατὸρας
415 2447 544 2540 πέδαις,
566 2462 679 2525 adacto
701 2483 763 2548 per
785 2473 899 2549 pectus
921 2462 992 2527 eius
1013 2484 1132 2542 cuneo,
1155 2460 1359 2526 transverbe-

235 2587 327 2640 ratus
360 2575 483 2665 (Prom.
518 2578 571 2642 65.
604 2578 658 2642 67.
692 2575 793 2643 Conf.
818 2576 934 2643 Cicero
958 2579 983 2645 l.
1006 2575 1049 2663 c.)
1072 2577 1193 2664 quibus
1217 2576 1356 2641 indicari

235 2688 379 2765 videtur,
401 2689 608 2776 Aeschylum
628 2690 728 2754 verba
740 2690 875 2755 Hesiodi
897 2693 941 2779 (v.
963 2688 1054 2779 522.)
1080 2685 1182 2774 μέσον
1203 2676 1265 2755 dib
1286 2679 1357 2752 κίον’
1451 2690 1452 2705 ’

235 2787 387 2872 ἐλάσσας
409 2802 566 2888 accepisse
586 2793 689 2886 μέσον
712 2801 973 2892 (Prometheum)
997 2791 1156 2871 διελάσας
1183 2789 1248 2890 (ἓν)
1276 2792 1360 2867 mort.

237 2911 336 2982 Conf.
357 2913 514 3001 Apollod.
537 2914 564 2981 Ι.
586 2914 661 2980 Vll.
685 2919 717 2982 1.
762 2914 826 2981 Sed
844 2916 1033 3004 simplicius
1048 2926 1106 2992 est,
1128 2927 1168 2979 ut
1185 2915 1360 3003 iungamus

236 3018 339 3114 μέσον
359 3014 450 3091 κίονα
467 3014 645 3110 διελάσας,
667 3029 708 3093 de
722 3051 873 3123 quorum
881 3040 995 3094 tamen
1005 3028 1169 3094 sententia
1181 3028 1359 3094 verborum

235 3140 403 3206 dubitatio
425 3164 491 3206 esse
509 3153 628 3229 potest.
672 3142 776 3207 Docet
793 3140 979 3207 Scholiasta
999 3142 1040 3207 ad
1062 3142 1098 3207 h.
1120 3143 1145 3207 l.
1164 3140 1283 3220 fuisse,
1305 3141 1358 3227 qui

237 3253 426 3341 acciperent
442 3254 483 3319 de
498 3256 587 3341 palo,
610 3256 650 3320 ad
674 3255 827 3320 medinm
841 3255 880 3320 in
896 3267 1024 3320 terram
1043 3257 1168 3333 adacto,
1183 3254 1360 3342 quominus

238 3365 364 3432 seilicet
380 3367 526 3437 convelli
536 3379 656 3456 posset:
671 3369 727 3433 sed
737 3367 849 3433 ‘habet
865 3368 955 3433 idem
974 3367 1076 3432 aliam
1093 3366 1358 3455 explicationem,
1451 3422 1452 3433 ,

240 3478 340 3545 fuisse
370 3480 411 3545 ad
438 3480 584 3544 mediam
604 3482 800 3551 columnam
826 3481 981 3549 vinetum
1004 3481 1259 3559 Prometheum,
1283 3503 1360 3567 quae
1451 3480 1453 3575 J

240 3620 313 3662 non
325 3574 440 3660 'dubie
463 3594 580 3660 'verior
602 3595 640 3660 in
660 3596 858 3661 universum
877 3595 1029 3660 habenda
1047 3607 1112 3673 est,
1136 3594 1268 3659 tametsi
1294 3594 1359 3682 ipsa
1451 3582 1452 3613 r

238 3730 370 3797 quoque
394 3705 483 3774 varie
503 3718 611 3795 potest
633 3708 751 3795 accipi.
798 3707 905 3785 Mihi,
925 3708 1015 3795 quod
1032 3708 1071 3772 in
1092 3719 1208 3773 annot.
1223 3707 1265 3771 ad
1281 3706 1316 3770 h.
1336 3707 1357 3770 l.

239 3820 368 3888 censuit
390 3820 560 3908 Heynius,
586 3817 687 3886 fnisse
707 3811 843 3886 vincula
869 3821 941 3908 ipsa
958 3820 1088 3884 mediae
1103 3821 1280 3885 columnae
1304 3819 1358 3883 in-

240 3938 324 4003 iecta
350 3944 384 3999 et
400 3933 628 3998 circumducta
639 3968 660 4011 ,·
672 3956 741 3998 non
764 3933 843 3997 satis
871 3930 998 3997 referre
1019 3930 1154 3997 videtur
1178 3931 1250 3998 vim
1273 3931 1357 3996 verbi
1451 3984 1452 3993 ,

242 4035 411 4134 διελάσας,
457 4046 567 4110 Immo
586 4044 848 4132 constringentia
869 4044 1060 4109 Promethei
1082 4062 1202 4132 corpus
1218 4044 1357 4119 vincula,

147 4147 149 4151 ⁵
241 4183 308 4247 quo
330 4161 464 4225 firmius
486 4159 672 4236 haererent,
692 4158 867 4224 columnae
883 4158 1030 4247 impacta
1049 4155 1149 4222 fuisse
1163 4168 1279 4246 putem
1297 4180 1356 4221 me·

242 4273 334 4351 diae,
359 4285 397 4338 ut
421 4274 456 4337 in
476 4297 511 4338 ea
527 4273 673 4360 pendens
689 4271 895 4361 supplicium
912 4273 1019 4338 lueret
1036 4270 1263 4348 Prometheus,
1278 4269 1354 4357 qnod
