2967 5209
446 507 478 555 tn
504 464 629 556 aretem
652 503 870 555 rnroaoauu.
1159 466 1232 561 173

147 698 203 745 vr.
233 677 418 744 104-115.
443 678 528 743 citat
551 675 762 765 Theophilus
783 675 824 741 ad
850 674 1059 762 Autolycum
1084 674 1161 744 Lib.
1185 677 1228 742 11.

91 815 129 859 0.
151 794 184 858 6.
199 813 233 880 p.
255 794 311 861 85.
330 792 392 859 Ed.
412 791 440 860 1.
464 789 502 858 C.
521 789 659 863 Wolfii.
694 789 839 860 Versum
862 789 937 855 toa
957 788 1095 877 respicit
1109 787 1231 877 Cyril·

92 905 155 970 lus
181 904 256 971 adv.
278 904 451 971 Iulianum
471 903 533 970 111.
552 926 587 993 p.
601 906 663 970 ⁴15.

143 1017 198 1085 td
218 1037 377 1083 versuum
395 1016 550 1117 qrdinem
575 1014 715 1081 offensus
737 1013 924 1083 Ritschlius
947 1014 984 1080 in
1005 1011 1123 1080 Sched.
1144 1012 1231 1081 Crit.
1263 994 1266 997 Ι

93 1129 149 1195 110
178 1129 392 1195 traiiciendos
413 1129 511 1195 hosce
539 1129 614 1194 104.
650 1130 919 1195 108.110.105.
945 1128 1020 1193 106.
1047 1127 1233 1206 107.,011-

92 1242 260 1308 ciendum
281 1253 396 1308 autem
422 1264 558 1309 versum
581 1242 655 1307 111.
685 1250 795 1330 putat.
841 1240 1054 1307 Hermannus
1074 1240 1113 1307 in
1136 1238 1232 1307 cens.
1350 1226 1356 1235 ¹

97 1356 229 1423 Goettl.
261 1378 326 1445 pro
359 1354 509 1423 versibus
538 1358 724 1424 105-107.
759 1355 799 1421 in
831 1355 898 1421 alie
922 1355 1111 1421 recensione
1134 1352 1236 1420 fuisse

94 1480 211 1539 censet
234 1491 291 1539 vv.
317 1470 501 1537 108-113.
546 1468 638 1535 Mihi
658 1479 789 1546 autem,
818 1466 907 1553 quod
930 1467 970 1533 in
990 1466 1138 1533 rudioris
1161 1467 1236 1534 aevi

99 1581 252 1647 carmine
278 1604 349 1649 non
371 1593 451 1647 sunt
474 1581 589 1649 omnia
620 1604 683 1670 pro
702 1591 819 1646 nostro
840 1601 939 1645 sensu
961 1580 1125 1667 concinne
1146 1579 1237 1647 dicta

102 1707 164 1760 aut
185 1695 351 1784 disposita,
377 1696 530 1783 quodque
544 1693 729 1782 tautologia
750 1692 789 1759 in
807 1692 1005 1780 quibusdam
1020 1692 1236 1760 offensionem

100 1806 203 1886 facit,
231 1828 302 1875 non
328 1806 458 1874 adferre
477 1807 639 1874 continuo
659 1805 888 1873 necessitatem
916 1805 1070 1907 videtur,
1094 1818 1152 1887 ut,
1181 1806 1237 1873 vel

99 1923 257 1993 ordinem
277 1923 316 1991 iu
339 1944 377 1989 eo
391 1944 551 1988 versuum
570 1922 802 2001 immutemus,
829 1922 884 1988 vel
902 1921 1049 2009 duplicis
1068 1920 1237 1997 recensio·-

98 2035 156 2103 nis
169 2047 362 2103 commento
384 2035 568 2124 tautologia
586 2035 731 2101 liberare
755 2035 845 2100 illud
864 2055 1038 2101 conemur.
1085 2032 1186 2112 Sane,
1207 2035 1239 2100 ai

98 2171 261 2237 comparo
282 2152 416 2237 poiseoa
435 2149 523 2236 apud
543 2148 743 2213 recentiores
757 2147 877 2227 initia,
893 2147 1044 2213 carmina
1061 2145 1237 2215 aGerma-
1311 2196 1319 2213 .

99 2263 174 2341 010,
194 2260 321 2342 Gallis,
344 2261 554 2328 Nostratibns
574 2261 683 2327 seculo
708 2272 787 2349 post
807 2259 890 2327 Chr.
915 2285 950 2327 n.
972 2259 1066 2325 XIII.
1086 2269 1120 2324 et
1144 2258 1236 2327 XIV.

100 2375 296 2463 composita,
320 2375 449 2463 pariter
468 2373 607 2440 invenio
631 2372 723 2438 inter
746 2372 833 2439 bona
855 2373 1015 2459 quaedam
1037 2374 1149 2440 multa
1166 2372 1238 2438 sni·

101 2510 167 2553 nus
182 2483 359 2555 ¹concinne
379 2487 486 2567 dicta,
511 2486 706 2575 pariterque
736 2484 868 2551 offendo
891 2484 932 2551 ad
957 2485 1179 2573 tautologiam
1198 2484 1238 2551 10

101 2600 186 2673 bene
204 2602 440 2679 multis-locis,
466 2600 526 2666 ubi
551 2613 665 2667 tamen
680 2599 778 2665 nulla
794 2599 882 2667 iusta
902 2610 1041 2687 apparet
1058 2598 1238 2665 dubitandi
1300 2622 1303 2627 ·

101 2736 215 2794 canna,
238 2714 324 2801 quin
344 2713 425 2802 ipsis
447 2712 638 2779 auctoribus
660 2712 724 2778 ista
746 2709 928 2778 tribuenda
948 2711 1030 2779 0101.

147 2827 262 2915 Neque
293 2847 374 2893 vero
405 2847 542 2914 prorsus
572 2824 761 2904 adsentior,
791 2846 857 2893 ease
883 2824 1042 2893 Hesiodea
1067 2821 1148 2901 haec
1167 2835 1238 2891 tam

102 2937 317 3018 inconcinna,
337 2948 398 3003 aut
417 2937 523 3005 inesse
544 2947 675 3003 tantam
697 2929 736 3005 in
752 2936 795 3002 iis
807 2936 1037 3025 tautologiam.
1078 2937 1239 3004 Attenda-

103 3073 199 3130 mm,
226 3071 362 3138 quaeso,
383 3049 425 3116 ad
451 3050 601 3138 singule,
625 3060 721 3115 0100
742 3047 926 3137 excipiant.
974 3049 1015 3115 10
1033 3071 1065 3121 v.
1091 3050 1166 3117 104.
1187 3073 1237 3114 so-

104 3162 230 3247 lemnis
249 3174 298 3228 001
321 3162 535 3252 hymnorum
557 3172 592 3227 et
609 3160 864 3249 prooemiorum
884 3162 1052 3242 clausula,
1074 3165 1238 3251 0000011-
1348 3224 1351 3231 .

8 3351 9 3358 ,
105 3276 349 3359 taeinrocatos
370 3277 424 3344 vel
445 3273 627 3341 celebratos
646 3274 712 3340 sibi
730 3275 815 3341 Deos
839 3272 965 3341 festum
989 3276 1079 3343 illud
1101 3265 1241 3366 χαίρετε

8 3453 10 3480 ,
103 3362 389 3478 adprecabantur,
410 3387 624 3455 subiicientes
643 3409 698 3469 ee,
721 3410 807 3475 quae
830 3387 872 3455 ab
890 3387 971 3477 ipsis
989 3388 1064 3455 dari
1082 3388 1148 3455 sibi
1170 3390 1241 3483 rel-

105 3504 190 3571 lent.
236 3500 326 3571 Sunt
349 3503 507 3591 exempla
527 3500 652 3590 passim
677 3501 716 3567 in
735 3500 884 3589 Hymnis
902 3492 1089 3573 Homericis
1111 3514 1145 3568 et
1163 3501 1264 3573 Cal-.-
1329 3560 1334 3575 .

8 3595 9 3632 ³
106 3615 295 3687 limacheis,
346 3613 462 3702 Itaque
499 3614 661 3680 Hesiodus
690 3614 795 3680 etiam
819 3637 914 3683 suam
944 3615 1033 3683 hauc
1067 3614 1241 3681 Musarum

89 3810 92 3815 Δ
107 3727 339 3795 laudationem
353 3726 488 3793 elaudit
514 3749 567 3792 eas
582 3749 718 3815 rogan&
743 3738 785 3793 ut
801 3726 867 3794 sibi
887 3727 986 3793 dulce
1004 3749 1140 3795 carmen
1162 3750 1242 3816 sug·

108 3853 238 3929 gerent,
267 3841 306 3907 in
330 3839 478 3907 canendo
502 3852 709 3927 praeeuntes.
765 3838 852 3907 Vult
880 3838 990 3927 igitur
1011 3839 1090 3909 itas
1111 3839 1239 3920 dicere,

8 4029 9 4034 ἵ
107 3977 193 4041 qnae
219 3953 340 4025 (1010(10
366 3950 593 4019 celebraturus
612 3952 684 4041 ipse
699 3962 800 4036 esset,
821 3951 977 4039 primum
994 3940 1244 4040 antiquissimos

8 4065 10 4178 l
110 4067 212 4147 Deos,
241 4065 354 4146 Coeli,
384 4064 570 4165 Terraeque
596 4065 809 4154 progeniem,
838 4063 921 4129 item
956 4063 1058 4133 Nocte
1084 4075 1118 4131 et
1137 4065 1243 4133 Ponto

8 4189 10 4268 l
112 4179 242 4268 genitos
260 4178 306 4269 (v.
329 4174 517 4266 too-107)
536 4188 614 4242 tum
627 4177 811 4256 (1011011100,
827 4176 981 4267 quomodo
999 4176 1058 4243 Dii
1077 4178 1133 4244 illi
1146 4175 1244 4267 (Cro-

8 4279 10 4358 ss
114 4312 178 4359 uus
196 4289 362 4378 ceterique
377 4286 527 4385 Titanes)
548 4289 683 4379 ipsaque
705 4291 820 4370 Terra,
842 4290 925 4357 item
952 4291 1086 4371 Pontus,
1110 4292 1243 4373 Fluvii,
