2967 5209
513 544 543 587 11
569 541 693 588 nssrom
716 539 931 587 renoscens.
1219 509 1289 582 391

173 725 242 781 tem
259 712 370 779 Medos
393 712 572 778 vocaverit.
595 712 673 779 Vid.
699 710 856 798 Apollod.
878 709 905 774 Ι.
925 708 1063 805 1x328.
1086 719 1173 775 extr.
1193 710 1308 775 Diod·

173 825 238 892 Sic.
263 825 321 893 IV.
351 830 392 890 55
414 846 502 910 seqq.
529 824 654 912 Hygin.
679 822 706 889 1.
731 825 785 888 27.
817 822 931 908 ibique
956 821 1029 888 VV.
1055 823 1125 888 DD.
1147 822 1305 917 Iustinus¹

171 939 281 1005 XLII.
299 940 347 1018 2.,
371 938 431 1003 ubi
452 948 501 1002 est
522 938 691 1003 duntaxat
704 934 824 1001 ,forma
846 934 1012 1014 nominis,
1029 934 1222 1002 Hesiodeam
1242 959 1293 1001 re·

169 1049 293 1134 ferens,
328 1050 465 1115 Medius.
512 1049 576 1116 illa
603 1061 716 1115 autem
736 1050 778 1114 de
796 1049 892 1115 Medo
914 1046 1030 1113 fabula
1053 1060 1132 1114 nata
1156 1050 1293 1114 demum

169 1164 260 1231 mihi
277 1163 429 1241 ridetur,
452 1185 519 1250 quo
547 1173 698 1249 tempore
716 1160 850 1227 Graecis
870 1160 975 1247 magis
996 1161 1200 1226 innotescere
1225 1162 1294 1227 iam

170 1276 260 1343 Medi
286 1288 483 1363 coeperant,
512 1275 600 1362 quod
627 1284 734 1338 aetate
763 1273 897 1341 Hesiodi
919 1275 1031 1338 multo
1051 1284 1100 1337 est
1120 1275 1295 1340 recentius.

170 1390 285 1476 ltaque
309 1391 370 1454 ille
394 1389 548 1455 Medeam
572 1388 677 1453 aliam
695 1387 740 1451 ab
763 1410 896 1452 oausam
919 1380 1050 1451 clarum
1070 1387 1202 1466 habuit,
1226 1386 1297 1453 for·

170 1515 253 1568 tasse
277 1501 323 1567 ob
344 1503 532 1567 multarum
556 1500 595 1565 in
622 1501 686 1565 illo
708 1500 836 1565 artium
859 1499 1036 1587 peritiam,
1066 1523 1133 1586 quo
1157 1501 1299 1565 duxerit

169 1638 247 1682 eum
269 1628 346 1680 tum
364 1617 483 1681 matris
499 1615 715 1701 exemplum,
743 1624 818 1676 tum
843 1612 998 1700 magistri
1020 1613 1191 1679 institutio
1216 1613 1299 1681 Chi·

168 1728 271 1793 renis.
299 1726 397 1793 Conf.
423 1728 464 1793 ll.
488 1725 530 1789 A.
555 1730 631 1793 219.
655 1723 719 1792 011.
741 1725 783 1788 Λ.
807 1727 884 1791 831.
909 1723 1065 1813 Orpheus
1087 1725 1211 1813 Argon.
1233 1729 1299 1792 383

168 1863 254 1927 seqq.
303 1840 435 1906 Chiron
455 1839 649 1926 Philyrides
672 1837 718 1928 (v.
746 1841 827 1903 1001
846 1836 941 1926 seq),
965 1839 1125 1926 Philyrae
1148 1838 1300 1929 (Oceani-

168 1949 242 2039 η..)
267 1942 427 2019 &sumn
447 1951 540 2015 finus
560 1951 688 2015 dicitur
706 1950 810 2015 ettam
828 1951 973 2015 Pindaro
994 1951 1096 2038 Pyth.
1112 1952 1219 2017 111.1.
1239 1954 1297 2018 rx.
1347 2018 1350 2023 ,
1427 1939 1429 1941 ’

170 2071 224 2133 50.
250 2078 283 2131 et
307 2066 490 2154 Apollonio
512 2066 579 2131 Rh.
605 2065 631 2131 1.
659 2066 756 2143 551,
783 2088 883 2151 quem
911 2065 988 2130 vide
1014 2068 1116 2131 etiam
1145 2068 1187 2169 11.
1214 2071 1295 2153 1231

168 2205 255 2270 seqq.
302 2181 472 2246 Habitasse
496 2202 575 2246 eum
601 2181 639 2245 in
666 2191 784 2244 monte
804 2181 895 2245 Pelio
918 2182 1075 2246 disertius
1097 2184 1243 2248 traditur
1262 2185 1300 2249 in

168 2292 290 2381 fragm.
310 2293 445 2358 Hesiodi
466 2292 555 2381 apud
571 2291 684 2357 Schol.
705 2292 842 2356 Pindari
864 2293 905 2358 ad
925 2293 1019 2360 Nem.
1043 2294 1103 2360 111.
1127 2298 1180 2362 92.
1199 2296 1297 2364 Conf.
1428 2312 1429 2315 ’

168 2406 406 2472 Homerus'll.
438 2406 572 2470 Π.143
601 2427 666 2493 seq.
698 2405 817 2492 Eurip.
848 2406 924 2493 Iph.
950 2407 988 2471 in
1012 2408 1053 2472 A.
1077 2431 1111 2473 v.
1136 2411 1212 2476 695.
1236 2411 1298 2476 Ed.

168 2518 293 2586 Matth.
316 2518 491 2583 Institutos
508 2541 529 2582 a
548 2517 697 2584 Chirone
717 2517 835 2583 hero'es
855 2520 1035 2598 recensens,
1056 2521 1245 2609 Xenophon
1261 2524 1302 2589 de

168 2632 252 2699 Ven.
272 2655 327 2720 pr.
348 2630 455 2697 Medei
474 2653 544 2696 non
563 2630 741 2710 meminit,
760 2632 816 2696 sed
832 2654 938 2718 neque
951 2632 1085 2714 lasonis,
1102 2635 1143 2701 de
1163 2659 1229 2723 quo
1249 2649 1299 2702 ta·

168 2767 247 2810 men
270 2767 314 2809 ex
337 2744 483 2809 aliorum
507 2744 709 2808 testimoniis
731 2756 870 2810 constat.

213 2857 364 2922 Medeam
386 2855 428 2920 ab
452 2855 595 2921 Hesiodo
618 2856 850 2921 immortalem
870 2857 1021 2922 habitam
1043 2859 1159 2940 huius,
1181 2874 1221 2926 ut
1241 2864 1299 2929 vi-

169 2970 278 3047 detur,
299 2968 366 3033 loci
387 2991 465 3032 cum
484 2968 634 3033 versibus
653 2991 755 3056 supra
776 2971 841 3036 965
861 2992 949 3056 seqq.
969 2972 1085 3036 collati
1100 2987 1299 3062 argumento

170 3081 276 3148 refert
307 3081 505 3147 scholiastes
532 3082 669 3147 Pindari
693 3083 733 3147 ad
758 3083 859 3169 Pyth.
891 3084 948 3150 IV.
979 3088 1048 3164 18„
1073 3089 1300 3155 consentiente

172 3194 381 3281 Athenagora
412 3194 525 3280 Legat.
549 3217 584 3281 p.
617 3196 688 3272 14„
714 3193 774 3256 ubi
794 3191 827 3259 S.
852 3195 964 3273 Petiti,
992 3196 1090 3263 Varr.
1107 3197 1213 3263 Lectt.
1236 3199 1296 3266 Ill.
1367 3183 1369 3193 ’

170 3329 200 3372 o.
221 3311 253 3372 3.
273 3328 335 3394 pro
357 3294 507 3376 ‘ariolos
528 3307 668 3394 legentis
681 3293 876 3386 Καδούσιος,
894 3309 1126 3375 emendatione
1139 3311 1231 3377 nihil
1245 3314 1298 3379 in-

170 3421 331 3507 digemus.

214 3644 521 3709 vv.1003-1007.
545 3642 725 3707 Nereidum
749 3634 869 3729 Proles.
916 3646 970 3709 Ex
990 3645 1164 3711 Psamathe
1187 3648 1300 3737 (supra

140 3798 141 3803 κ
171 3782 204 3823 v.
237 3757 329 3840 260.)
363 3767 398 3820 et
427 3754 531 3821 Aeaco
552 3755 696 3835 Phocus3
722 3777 765 3819 ex
787 3755 930 3820 Thetide
956 3755 1068 3844 (supra
1087 3782 1119 3824 v.
1145 3759 1235 3848 244.)
1266 3773 1299 3827 et

171 3871 266 3936 Peleo
290 3867 401 3957 (Aeaci
423 3865 463 3955 f.)
485 3867 644 3933 Achilles.
691 3866 807 3953 Itaque
827 3867 1064 3954 Aeginetarum
1094 3875 1245 3939 maxime
1267 3887 1301 3940 et

173 3982 391 4047 Aeacidarum
411 3982 541 4069 mythis
560 3981 723 4046 celebrata
743 3980 837 4045 fuere
857 3981 1037 4047 Nereidum
1051 4006 1129 4049 cum
1144 3986 1301 4054 heroibus
1322 4030 1326 4039 ·

171 4094 356 4174 connubia,
380 4093 501 4181 quibus
523 4094 691 4182 originem
717 4092 841 4158 dedisse
860 4095 992 4181 mythis
1008 4109 1117 4183 potest
1131 4115 1300 4189 susceptus

173 4209 277 4274 Aeaeo
298 4230 341 4272 en
358 4211 473 4296 puella
494 4206 582 4272 mari
604 4207 739 4273 advecta
756 4208 865 4286 filius,
892 4208 981 4273 Pelei
1001 4231 1079 4275 oum
1099 4211 1300 4301 Argonautis

173 4320 361 4405 navigatio,
386 4322 529 4397 Achillis
551 4320 643 4387 varia
664 4343 723 4408 per
747 4343 839 4385 mare
860 4320 1001 4399 itinera,
1025 4324 1190 4391 venientis
1204 4327 1299 4393 dein·
