2967 5209
525 481 849 551 ΘΕΟΓΟΝΙΑ·
1209 474 1257 548 35

232 741 235 747 ,
274 665 399 766 Εὐδώρη
423 693 481 759 rt,
507 668 608 749 Θέτις
632 694 691 759 τε,
716 664 842 757 Γιιληυη
866 695 925 761 τε,
948 667 1082 759 Γλαύκη
1106 696 1164 761 τε,

175 790 249 865 245
273 787 440 887 Κυμοθόη,
467 787 575 886 Σπειώ
599 814 655 881 τε,
681 788 753 880 Θοή
777 787 818 882 θ’,
837 790 936 882 Ἀλίη
959 789 993 865 τ’
1015 788 1170 890 ἐρόεσσα,

17 1021 18 1028 ρ
512 969 645 1019 varran
666 967 869 1023 anemonas.

17 1061 19 1134 ξ
123 1078 457 1143 lem,quaeleotioqainipsa
466 1080 673 1142 quoqueanthua
691 1095 756 1143 rs,
777 1082 843 1144 quod
861 1082 929 1133 nulla
948 1081 998 1133 alia
1015 1083 1048 1134 de
1063 1095 1138 1135 masa
1149 1083 1254 1135 voluisse

17 1171 19 1206 ἲ
121 1161 205 1222 luent,
219 1178 268 1213 non
279 1165 373 1224 dubito,
387 1177 453 1223 curu,
467 1173 496 1213 ut
509 1166 541 1213 ad
558 1161 673 1227 Εὐκράτη
707 1167 845 1232 censendus
862 1174 909 1227 est,
926 1181 1000 1229 quam
1011 1168 1112 1231 quodsi
1123 1169 1150 1218 iu
1161 1181 1187 1218 r.
1198 1183 1254 1233 seq.

17 1295 18 1298 ,
123 1256 216 1310 spectat
229 1249 360 1311 explicatio
372 1247 521 1299 scholiastae
532 1243 575 1297 ret
587 1247 619 1298 rh
629 1246 672 1298 rh·
705 1251 873 1315 reponendum
894 1251 973 1301 visum
992 1259 1047 1302 erat
1062 1247 1142 1301 Σπειώ
1156 1269 1189 1302 rs
1200 1250 1252 1312 issi.

17 1337 19 1354 *
124 1329 228 1395 κράτους
240 1328 333 1382 διδόναι
349 1333 409 1389 τοὺς
423 1328 514 1394 ἀέρας,
530 1333 565 1383 ita
579 1334 611 1383 ed
623 1330 671 1382 nt-
705 1333 790 1392 Θυλιη
799 1351 831 1385 τι
842 1336 946 1397 βοῶπις,
971 1337 1074 1387 Causam
1085 1347 1168 1387 autem
1180 1340 1253 1389 huius

120 1414 220 1479 κράντη,
236 1415 288 1467 ἀπὸ
303 1419 352 1467 roll
367 1414 482 1480 rispaiso
495 1418 619 1482 pertineat
633 1419 669 1468 al-
704 1422 845 1472 mutationis
870 1423 894 1473 ei
918 1421 992 1471 luisse
1013 1424 1172 1487 probabiliter
1189 1425 1253 1474 hunc

119 1509 172 1551 tera
190 1498 206 1559 li
221 1496 265 1551 iris
278 1501 311 1552 rh
326 1498 518 1565 risulipwrss.
703 1504 782 1564 dicas,
800 1506 867 1568 quod
885 1506 998 1556 similiter
1020 1508 1112 1558 lectum
1130 1508 1205 1558 vellet
1224 1509 1252 1560 iu

152 1584 571 1652 rs.2li.1tiioipn,.eirte,roetisn
578 1588 666 1639 Pani.
703 1590 811 1641 Hesiodo
828 1590 909 1640 Σπειυ
927 1606 958 1642 τι
969 1590 1023 1650 θοὴ,
1038 1590 1123 1648 θαλίη
1133 1593 1160 1640 τ’
1172 1587 1209 1654 ip.
1222 1599 1250 1642 ιιι

17 1707 18 1716 ι
118 1665 666 1735 ΘέμιητιΡΙυι.Ι).ΓαλΙρνυίητιιιιι.ῈΙυι.
702 1676 925 1738 quinquagenarius
939 1678 975 1752 ad
991 1677 1185 1726 amussimesset
1200 1676 1249 1727 lie·

17 1815 18 1818 ρ
115 1757 159 1816 A„
168 1758 247 1807 iudice
252 1758 403 1821 Gocttlingio
411 1759 544 1817 nonmale,
555 1758 575 1807 si
583 1758 667 1808 demas
701 1762 796 1811 reidum
808 1777 936 1812 numerus.
956 1762 1070 1821 Scilicet,
1083 1771 1111 1811 ut
1123 1776 1154 1810 ne
1166 1770 1249 1811 essent

17 1843 18 1912 ρ
115 1841 343 1892 neophitorum.
355 1843 401 1905 Hp.
411 1843 442 1891 V.
453 1843 480 1891 6.
489 1840 581 1899 reads
591 1843 664 1892 Frob.
700 1860 751 1895 una
762 1854 788 1896 et
799 1849 993 1911 quinquaginta,
1007 1848 1049 1896 alii
1060 1843 1249 1909 Κυματολήγῃ

150 1941 188 1976 ιι.
201 1928 263 1977 245.
274 1923 388 1990 Κυμιθίη
396 1927 453 1977 Par.
463 1926 492 1974 G·
502 1926 588 1975 Melior
599 1927 665 1976 haud
699 1943 714 1981 a
731 1932 876 1983 Nereidibus
897 1933 1070 1982 eliminandam
1084 1939 1247 1991 ‘censuerant

17 2041 18 2044 =
114 2013 189 2063 dubie
205 2012 284 2064 forma
299 2022 341 2065 ,est
358 2013 467 2074 vulgata.
497 2010 568 2061 Goni-
585 2012 663 2080 lduet-
699 2013 1247 2082 verbar.ibbchrltoreerrstiyssrplicsn-

17 2121 19 2160 ῑ
112 2100 170 2148 rell.
194 2114 222 2163 p.
237 2099 300 2148 418.
336 2097 417 2148 Σπίυ
439 2111 471 2146 τι
491 2092 550 2154 isti,
579 2095 664 2155 sesto
698 2108 737 2149 tes
745 2100 791 2149 cit
799 2099 916 2162 κυμάτων
924 2099 1008 2165 λήξει,
1028 2097 1150 2151 noram
1166 2116 1247 2151 ma·

17 2165 18 2200 t
110 2183 136 2235 ι’
160 2179 198 2247 ἔρ.
216 2185 350 2234 Florentini
368 2198 467 2240 omnes,
484 2181 662 2244 deaptare.
698 2182 806 2246 παύσει,
828 2201 932 2249 quorum
944 2188 1080 2236 sententiae
1093 2186 1246 2235 Aristarchus

17 2287 19 2292 ,
110 2269 145 2318 H.
161 2269 219 2319 Ald.
235 2272 302 2319 lunt.
316 2265 662 2318 cartenitanum.
698 2285 725 2320 se
745 2273 871 2334 opposuit,
892 2267 972 2332 ινιμυ
990 2269 1090 2334 (nomen
1109 2271 1246 2335 proprium)

110 2351 158 2403 ⁸0⁶¹
176 2353 257 2404 Στίίω
274 2371 317 2413 τί,
342 2353 386 2412 iti
406 2352 462 2417 (⁸5⁰)
481 2348 566 2412 emt
583 2355 609 2401 'r'
623 2347 660 2416 ip.
697 2369 752 2406 esse
763 2358 857 2415 decus,
870 2364 933 2406 teste
942 2355 1076 2407 Scholiasta
1084 2347 1115 2404 ad
1128 2355 1166 2404 ill.
1178 2367 1246 2404 vers.

109 2438 403 2502 Steph·2mlttv¹‚0⁰ris
413 2435 531 2495 omns-³
541 2431 661 2500 itt-ceteri
696 2442 767 2491 cuius
779 2450 889 2491 mentem
906 2442 971 2491 male
983 2441 1048 2503 cepit
1059 2439 1244 2490 Valckenarius.

17 2539 18 2560 ι
108 2522 226 2584 Parisini,
248 2523 342 2588 zmipu
362 2539 393 2574 τι
410 2522 464 2581 eoi
480 2520 564 2581 Θαλίη
580 2523 606 2571 τ’
622 2518 660 2587 ip.
696 2527 804 2577 Alterius
815 2535 898 2576 autem
907 2526 1166 2576 consulentisnumero
1174 2523 1246 2587 quin·

107 2611 187 2660 hebd.
200 2614 269 2675 Spio,
289 2614 362 2671 Tios,
376 2612 503 2671 Thaliaque
513 2609 571 2659 Bas.
583 2608 659 2657 inter·
695 2613 847 2676 quagenario
865 2613 982 2670 ratioms,
1003 2620 1032 2661 ut
1049 2626 1082 2661 ex
1093 2625 1124 2661 eo
1136 2609 1190 2668 eui
1202 2610 1246 2660 de·

106 2709 163 2756 pres
174 2705 201 2745 et
213 2698 240 2746 in
252 2697 355 2747 scholiis
364 2696 500 2758 explicatur
509 2692 562 2751 Θιη
575 2701 603 2742 ut
611 2694 659 2743 Ne·
695 2707 820 2755 meretur,
848 2695 1003 2750 Aristarchus
1027 2704 1113 2746 auctor
1135 2696 1246 2745 extitisse

106 2781 182 2831 reidis
193 2796 295 2841 nomen,
308 2782 374 2831 unde
387 2781 481 2845 primns
494 2779 611 2829 Graevius
623 2780 658 2829 ita
694 2781 749 2832 iure
758 2782 836 2831 rideri
844 2790 934 2844 potest;
947 2782 1152 2843 quam-rationem
1160 2789 1246 2843 postea

104 2863 129 2914 in
136 2875 280 2917 contextum
287 2865 469 2930 reposuit.Sed,
477 2865 656 2915 cumlelchcn.
694 2866 778 2916 multis
788 2866 908 2928 placuisse
919 2866 1007 2915 docent
1019 2872 1056 2913 tot
1064 2865 1142 2914 Codd.
1151 2865 1178 2912 in
1189 2866 1245 2927 qui·

105 2949 136 2998 ad
152 2952 270 3001 Ammon.
288 2967 317 3015 p.
334 2951 397 2999 160.
409 2950 565 3000 scribendum
579 2949 657 2999 incul-
693 2950 739 3001 bus
756 2960 794 3001 est
813 2946 867 3008 isti.
896 2950 982 3011 Neque
994 2958 1077 2998 umen
1089 2950 1201 2999 omnihus
1215 2965 1243 2999 se

101 3045 184 3085 cesset
196 3035 278 3086 Σπιίιι
289 3050 333 3091 τι,
344 3031 398 3091 Orsi
407 3032 443 3100 ιζ,
451 3030 526 3091 Ἀλίη
536 3036 562 3082 τ’
576 3028 611 3095 ἦρ.
624 3035 657 3085 ub
692 3036 798 3099 probare
806 3036 885 3097 potuit
893 3033 1028 3083 Aristarchi
1036 3033 1168 3091 sententia.
1181 3034 1243 3083 Nam

101 3121 209 3170 similem
222 3121 321 3170 Homeri
330 3134 428 3169 versum
440 3120 472 3182 ll.
482 3123 511 3167 Σ.
522 3119 566 3177 to,
576 3117 657 3168 Σπιίυ
693 3116 748 3176 eos}
758 3117 779 3167 i·
792 3114 867 3174 ‘Attin
875 3131 905 3166 τι
918 3131 1008 3167 nomen
1018 3131 1089 3166 suurn
1097 3119 1162 3180 apud
1168 3119 1242 3168 Hom.

100 3220 137 3261 rr,
151 3201 211 3262 Θοῆ
224 3203 245 3253 θ’
258 3201 333 3261 Ἀλίη
344 3219 375 3253 τι
387 3203 656 3265 βιῦπις,1ιιιὶιριιυιι·
691 3204 712 3254 l.
724 3219 750 3254 c.
762 3205 839 3254 tuitae
851 3211 917 3261 sunt,
931 3210 958 3251 ut
970 3204 1060 3251 itemv.
1074 3204 1118 3251 39.
1132 3200 1242 3263 Θάλεια,

98 3291 158 3341 tium
171 3292 246 3341 duxit
258 3290 349 3349 deici,
368 3292 468 3339 utitem
479 3296 534 3351 post
545 3288 655 3339 bindors.
692 3302 756 3351 quae
781 3289 863 3337 Thalia
883 3296 921 3337 est
932 3288 1033 3348 Virgilio
1052 3289 1115 3336 Aen.
1128 3288 1159 3337 V.
1177 3289 1241 3338 826.

98 3384 123 3425 et
135 3376 233 3426 Goettl.
247 3373 333 3433 Θιιλίη
345 3383 373 3424 ιιι
393 3376 418 3423 in
430 3374 476 3423 SS.
488 3374 602 3424 omnibus
613 3388 656 3424 ex·
692 3370 745 3430 Θυῆ
758 3374 833 3422 etiam
844 3381 984 3422 nostrorum
996 3372 1145 3423 Codd.haud
1157 3376 1239 3437 pauci.

97 3469 155 3520 stet,
178 3462 216 3510 itu
229 3461 367 3523 explicatur
378 3460 405 3508 in
416 3459 529 3523 Scholiis.
567 3458 655 3519 Itaque
691 3460 859 3509 Recensentur
875 3459 941 3508 inter
960 3458 1078 3508 Nereidos
1090 3459 1155 3521 apud
1167 3460 1241 3522 Hygi·

96 3545 133 3596 sic
144 3548 243 3596 lectum
254 3545 300 3595 luit
312 3546 362 3595 iam
377 3546 524 3607 antiquitus,
546 3537 655 3618 assn'off'·
691 3558 751 3593 num
764 3545 829 3606 Spio,
848 3545 919 3602 Thoe,
930 3544 995 3606 apud
1004 3544 1116 3605 Apollod.
1127 3546 1147 3593 l.
1157 3559 1182 3594 o.
1196 3540 1241 3595 ‘A-

96 3640 191 3694 turque
210 3628 298 3687 Θαλίη
317 3624 413 3691 Νηρῆἳς
424 3630 456 3678 ab
468 3629 561 3693 Apione
574 3629 654 3679 Gloss.
689 3628 742 3687 aia.
756 3629 1011 3690 hlibi,quodiueptum
1018 3630 1142 3690 epitheton
1151 3637 1189 3677 est
1197 3627 1240 3687 loti

96 3715 204 3766 Homer.
218 3716 308 3776 fragm.
327 3729 355 3777 p.
369 3714 434 3762 607.
447 3696 475 3761 2.
488 3723 514 3763 et
525 3714 611 3763 Proclo
622 3714 655 3762 ad
690 3722 746 3778 post
763 3715 821 3763 satis
837 3712 981 3762 maniiestae
998 3712 1181 3774 significationis
1196 3727 1240 3762 no·

96 3800 201 3851 Hesiodi
215 3798 295 3864 Ἐργ.
307 3815 333 3849 v.
348 3801 410 3848 115.
423 3798 508 3860 tteque
521 3807 603 3850 tamen
614 3800 651 3848 in·
690 3812 749 3848 meu
760 3797 853 3854 Σπειὼ,
868 3798 981 3858 quodque
993 3805 1064 3844 extra
1079 3798 1240 3848 mutationem

96 3873 128 3935 dh
147 3887 275 3948 sequitur,
290 3883 485 3946 antiquissimam
496 3884 655 3933 hancloctio·
690 3885 730 3934 vel
746 3883 820 3931 unius
831 3881 946 3929 literulae
958 3880 1045 3942 refingi
1057 3877 1098 3937 loir
1112 3881 1197 3940 Θαλίη
1209 3898 1241 3933 rr

95 3985 155 4021 nem
166 3972 261 4028 inisse;
282 3970 332 4019 imo
344 3977 391 4027 cst,
404 3976 432 4017 ut
450 3969 545 4017 invecta
558 3970 655 4018 demum
690 3969 716 4022 in
729 3963 812 4023 ossii
828 3961 903 4021 Ἀλίη
914 3979 944 4012 τι
960 3972 1048 4026 ροιυιι,
1058 3981 1144 4016 versus
1156 3969 1241 4019 Hesio·

95 4055 139 4104 tna
151 4058 186 4105 ab
196 4056 340 4106 Aristarcho
348 4054 472 4103 videatur.
494 4052 591 4103 Scilicet
598 4067 655 4104 con·
690 4054 715 4102 di
730 4052 816 4101 similis
828 4051 980 4100 exhibendus
988 4050 1052 4100 risus
1060 4062 1099 4102 est
1108 4054 1239 4103 Homerici.

95 4148 146 4191 stat
159 4157 193 4192 ex
204 4140 291 4191 Sebol.
303 4140 368 4190 Ven.
377 4139 408 4187 A.
422 4139 453 4187 ad
462 4139 494 4187 ll.
504 4142 532 4186 Σ.
544 4138 588 4187 59.
598 4153 656 4188 eum
691 4137 739 4187 Sed
757 4138 794 4186 sic
813 4136 851 4185 vel
871 4143 944 4186 erunt
955 4149 1005 4185 una
1017 4145 1043 4186 et
1053 4139 1238 4199 quinquaginta,

96 4227 122 4275 in
134 4228 185 4277 hoe
196 4225 301 4276 Homeri
309 4238 381 4275 versu
394 4238 438 4286 pro
451 4218 552 4280 Γλαυιη
563 4237 593 4272 τι
603 4220 656 4272 osl-
691 4223 730 4272 vel
742 4221 790 4270 erit
802 4221 861 4272 alibi
873 4220 994 4271 demenda
1006 4236 1066 4271 una.
1084 4222 1155 4271 lllam
1164 4237 1239 4275 uuam

97 4303 655 4367 nusumumroluisserasosirr‘hltrss
691 4307 862 4357 Boissonadius
880 4315 934 4369 post
951 4307 1082 4358 admissam
1098 4307 1197 4367 Τιιυόιι,
1213 4319 1239 4358 ut
1278 4306 1280 4311 '

1098 4400 1141 4474 34
