2967 5209
498 495 530 540 in
554 493 679 541 ursioni
702 493 914 542 rinocorure.
1198 467 1271 541 333

144 655 460 757 χεροὶνβχονοο),
482 667 553 734 sive
566 666 614 731 ito
628 677 766 753 genus,
782 675 822 729 ut
835 675 943 730 mater
957 666 1140 752 parvulum
1155 663 1267 755 (conf.

142 782 283 848 Pausan.
312 780 355 850 V.
379 779 459 869 18.),
487 781 558 866 siue
579 780 825 869 apprehensum
852 801 957 845 manu
976 764 1135 846 comitem
1157 798 1270 846 secum

137 893 316 961 noscens.
333 930 379 944 -
397 892 538 961 colons
559 895 598 960 in
612 876 707 982 ’'upy.
730 915 768 959 vi
789 893 867 959 sss.
891 884 1139 980 ὡροομνμνον
1156 883 1271 975 πονο,

121 993 265 1073 ,ἐνοίκιον
287 994 392 1089 tutor,
424 1008 509 1086 erit,
532 1018 573 1072 ut
595 1029 629 1072 v.
651 1006 728 1075 754.
751 999 861 1093 μίμνεο
882 997 1057 1087 ripaticis
1078 990 1264 1093 ὥρηνὸδοῦ,

134 1104 217 1182 ἔστ’
239 1106 281 1184 ἂν
301 1105 413 1199 ‘sitnm
444 1119 533 1185 dicte
558 1119 738 1187 videantur
760 1140 824 1208 pro
854 1111 977 1205 μίμνεν,
998 1104 1032 1190 ἐς
1051 1111 1085 1182 τ’
1102 1106 1144 1184 tv
1158 1105 1269 1199 ‘lentus

136 1221 161 1311 ti
182 1212 248 1319 ὦρον
265 1222 327 1308 τῆς
349 1219 424 1298 ὁδοῦ
447 1224 566 1314 αὐτῆς,
588 1244 628 1297 ut
653 1232 797 1322 proinde
815 1255 885 1297 non
903 1230 1110 1318 iungendum
1124 1229 1169 1295 sit
1186 1251 1267 1295 cum

132 1343 341 1431 quibusdem
371 1331 444 1409 ἔστ’
473 1329 515 1409 iu
542 1329 667 1437 iherus,
695 1335 714 1425 ἡ
736 1338 797 1430 μὲν
819 1362 852 1410 νο.
872 1364 906 1408 τ.
930 1345 965 1407 λ.
988 1343 1088 1407 donec
1109 1350 1213 1408 ueniat
1235 1350 1269 1406 tn

137 1470 256 1534 terras,
281 1456 337 1520 illu
358 1457 482 1546 quidem
502 1469 565 1524 cet.
580 1459 636 1524 sed
651 1457 767 1548 potius
789 1446 808 1536 ἡ
830 1450 892 1541 μὲν
912 1456 1174 1522 construendum
1189 1477 1268 1521 cum

136 1569 351 1636 antecedente
371 1561 493 1656 μὶμνεο.
543 1569 641 1637 Stant
663 1582 798 1659 paratae
812 1569 894 1636 haec
910 1591 989 1635 cum
1011 1566 1097 1648 face,
1114 1566 1176 1634 ille
1189 1588 1269 1632 cum

136 1677 283 1760 Somno,
304 1704 400 1747 suem
413 1693 556 1771 utreque
569 1694 741 1749 manentes
755 1681 888 1748 horem.
912 1680 960 1749 Vt
970 1679 1131 1747 Hesiodus
1145 1668 1269 1746 Ὕπνον

135 1785 338 1883 κασίγνητον
360 1783 527 1862 Θανάτοιο
548 1795 641 1860 dixit
662 1818 695 1863 v.
707 1797 797 1874 755„
817 1795 866 1861 ite
887 1793 1051 1861 Homerus
1065 1794 1107 1860 Il.
1130 1795 1167 1861 Ξ.
1191 1793 1268 1860 tet.

125 1894 255 1971 “Toros
278 1898 336 1972 sui
358 1897 509 1974 Θοίνοτοι
530 1895 721 1994 διδυμάονε.
745 1907 845 1977 Conf.
865 1908 907 1976 11.
930 1907 974 1974 Π.
997 1907 1075 1973 672.
1093 1908 1170 1975 682.
1184 1906 1268 1973 Pau·
1372 1903 1375 1909 ’

133 2041 209 2085 sen.
233 2019 294 2086 ΙΙΙ.
321 2022 372 2086 18.
395 2018 441 2088 v.'
465 2023 518 2088 18.

185 2131 237 2198 Ad
258 2155 291 2199 v.
322 2132 398 2220 746,
423 2130 633 2212 Scholiasta,
668 2117 854 2197 secundum
874 2131 1009 2202 Veteres
1038 2130 1199 2209 Critioos,
1229 2140 1269 2195 ut

117 2242 291 2322 ·videtur,
312 2245 540 2333 quaestionem
561 2244 617 2310 hic
638 2257 773 2325 movet,
795 2245 972 2332 quomodo,
993 2245 1022 2310 si
1047 2265 1170 2315 novem
1189 2242 1269 2309 die·

136 2357 201 2422 bus
222 2356 306 2446 opu's
325 2357 388 2437 sit,
409 2369 449 2422 ut
470 2358 512 2424 de
537 2360 628 2425 coelo
653 2359 765 2446 lapsus
788 2347 902 2442 ἒίκμων
924 2359 962 2424 in
987 2354 1120 2423 terram
1135 2355 1267 2434 veniat,

139 2470 233 2537 Atlas
252 2470 391 2536 interra
408 2481 498 2536 stans
516 2471 650 2536 coelum
671 2467 760 2536 ferre
778 2470 892 2560 possit.
916 2469 1055 2555 Nullam
1071 2479 1184 2535 autem
1195 2468 1267 2557 ipse

136 2577 232 2647 λύσιν
253 2582 404 2670 apponit.
450 2582 638 2648 Dicendum
668 2593 734 2661 est,
760 2583 846 2648 coeli
865 2604 1014 2651 convexa
1034 2581 1265 2671 respicientem

135 2697 291 2784 potitam,
304 2692 498 2782 propiorem
521 2704 630 2759 terrae
647 2694 689 2759 ad
711 2692 936 2774 Occidentem,
955 2693 1014 2759 ubi
1033 2693 1141 2760 stebot
1159 2693 1264 2773 Auo,

136 2806 204 2871 sihi
231 2802 428 2871 informasse
460 2795 602 2892 ούροννόν,
632 2806 766 2893 lapsum
788 2817 900 2872 autem
926 2807 967 2872 de
977 2811 1151 2895 ‘supremo
1180 2805 1266 2873 coeli

138 2919 264 2986 vertice
285 2909 427 3005 ἄκμονα.
531 2932 573 3027 0
869 2932 872 2936 ’

185 3166 241 3215 vv.
264 3149 438 3215 teo-757
460 3148 594 3214 uncinis
609 3147 749 3213 inclusit
766 3146 917 3217 Wolfius
937 3146 978 3212 ad
993 3143 1120 3234 Heynii
1134 3155 1264 3213 senten·

139 3259 242 3339 tiam,
267 3261 357 3349 quod
380 3261 494 3327 minus
518 3260 601 3326 bene
624 3259 824 3326 cohaereant
842 3280 923 3325 cum
936 3258 1118 3349 prioribus,
1141 3281 1201 3324 nec
1215 3281 1265 3324 sa·

137 3374 184 3439 tis
204 3374 294 3439 'recte
321 3374 542 3463 respondeant
558 3372 781 3460 sequentibus,
801 3371 1038 3459 simillimique
1063 3371 1133 3438 siut
1152 3393 1265 3439 versus

139 3486 345 3575 glossemati,
378 3488 467 3574 quod
489 3486 564 3574 quis
592 3486 633 3552 ed
657 3507 812 3574 personas
835 3486 1031 3552 accuratius·
1049 3486 1265 3576 designandas

139 3599 360 3689 adscripserit.
406 3599 528 3670 Versus
550 3602 613 3666 757
624 3598 758 3671 Wolfio
771 3598 877 3692 magis
898 3599 1000 3665 etiem
1015 3599 1156 3687 reliquis
1168 3600 1263 3665 clou-

141 3714 251 3781 dioarc
281 3713 383 3781 visus.
431 3712 603 3783 Wolfium
624 3712 728 3779 secuti
750 3723 829 3777 sunt
849 3709 954 3779 Geisf.
977 3721 1012 3777 et
1033 3709 1203 3791 Diodort,
1229 3723 1265 3777 at

142 3850 210 3893 non
229 3826 466 3915 Goettlingius,
485 3849 584 3913 quem
603 3849 642 3892 eo
655 3825 794 3892 nomine
806 3825 1025 3914 reprehendit
1041 3825 1261 3904 Hermannus,

142 3940 211 4028 ipse
232 3939 356 4029 positos
376 3950 523 4005 statuens
542 3939 604 4005 hos
621 3961 734 4006 versus
761 3937 803 4004 ab
829 3937 898 4004 alio
919 3940 1017 4027 poeta
1042 3960 1104 4027 pro
1127 3960 1183 4005 vv.
1198 3939 1263 4005 752
1297 3969 1300 3974 ·

142 4054 264 4120 -75h
309 4051 375 4120 Nos
398 4051 441 4118 ah
472 4051 607 4117 uncinis
636 4050 870 4119 abstinendum
889 4051 992 4116 etiam
1009 4051 1065 4117 hio
1089 4050 1262 4119 duximus.

143 4164 227 4232 Nam
253 4188 365 4233 versus
390 4165 527 4253 quidem
550 4168 614 4231 755
634 4177 668 4231 et
685 4166 750 4232 756
772 4165 851 4231 satis
871 4164 954 4231 bene
973 4165 1147 4232 cohaerere
1167 4165 1264 4232 nohis

145 4276 302 4344 videntur
320 4302 398 4359 cum
422 4277 609 4370 prioribus,
636 4300 742 4368 neque
765 4300 831 4343 esse
852 4276 992 4344 Hesiodo
1016 4278 1158 4367 indigni.
1181 4279 1265 4346 Ver·
