2967 5209
488 493 518 537 rr
545 493 667 539 ursioni
692 493 905 540 muoeounu.
1191 469 1263 542 343

193 691 244 732 vv.
268 668 443 732 sue-819
466 689 534 729 non
554 664 595 730 ab
621 664 760 730 Hesiodo
781 661 945 752 profectus
977 676 1073 752 putat
1097 665 1263 732 Goettlin-

146 779 228 866 gius,
243 779 298 842 sed
317 799 399 863 quae
414 775 523 842 adfert
543 764 661 847 rotetur
682 777 874 845 testimonie
901 774 991 842 mihi
1007 797 1128 863 parum
1146 778 1267 843 idonea

145 890 314 956 videntur.
359 887 498 976 Singula
519 889 705 976 expendam
734 912 794 954 suo
817 889 901 955 loeo.
947 888 995 953 De
1024 887 1171 953 versibus
1189 889 1264 975 qui·

145 1003 220 1068 dem
245 1004 421 1069 eut-819
447 1002 573 1066 durum
603 1011 710 1065 exstat
731 1000 835 1065 etiam
856 998 1001 1066 aliorum
1024 998 1207 1079 iudicium,
1230 1012 1266 1064 at

144 1138 212 1181 non
236 1116 278 1180 de
299 1114 447 1181 versibus
471 1117 536 1179 805
559 1125 593 1177 et
615 1124 786 1200 sequente,
814 1136 901 1198 quos
914 1135 974 1177 cur
998 1114 1113 1199 po'etae
1135 1110 1265 1177 abiudi-

143 1228 270 1294 caverit
284 1225 520 1312 Guottlingiue,
541 1216 707 1290 declarare
721 1226 882 1312 neglexit.
903 1224 969 1292 Vv.
979 1226 1165 1302 807-810,
1177 1225 1265 1310 quod

143 1338 214 1403 sint
229 1336 366 1424 repetiti
385 1358 404 1399 e
420 1336 644 1423 superioribus
667 1336 734 1425 (vv.
758 1338 822 1402 736
840 1343 956 1424 seqq.),
972 1349 1137 1425 suspectos
1154 1337 1267 1424 Guye·

144 1462 215 1527 tus,
238 1448 696 1536 spuriushabuitW011im‚
728 1449 785 1512 cui
806 1449 953 1514 similem
980 1448 1023 1513 ob
1052 1471 1184 1514 eausam
1208 1471 1266 1512 su-

145 1572 253 1649 specta
276 1558 370 1625 fuere
392 1560 493 1625 etium
520 1557 730 1646 sequentium
750 1559 840 1623 haud
859 1582 973 1647 pauca.
1020 1559 1134 1648 Imque
1157 1571 1267 1625 totum

144 1676 256 1738 locum
285 1696 302 1737 a
326 1695 358 1737 v.
380 1674 566 1738 sot-819.
589 1670 724 1736 uncinis
741 1670 983 1736 includendum
1006 1673 1125 1751 duxit,
1149 1693 1266 1760 quam·
1335 1688 1337 1691 ·

143 1808 244 1873 quam
266 1787 337 1874 ipse
364 1783 481 1864 fumus,
515 1785 551 1849 id
578 1806 610 1849 ue
637 1785 676 1848 in
701 1784 893 1871 postremis,
921 1784 982 1849 ubi
999 1784 1040 1850 de
1062 1784 1269 1874 Cymopolea

143 1899 301 1976 traditur,
325 1920 404 1975 non¹
418 1896 518 1963 fuisse
540 1895 722 1974 facturum,
748 1895 906 1962 siminus
925 1909 1014 1961 arcte
1035 1920 1114 1962 cum
1128 1897 1269 1983 reliquis

144 2012 254 2077 iuneti
278 2009 430 2075 fuissent.
481 2010 570 2075 Mihi
599 2010 639 2074 in
663 2008 718 2072 his
746 2008 878 2094 antiqui
902 2020 936 2073 et
955 2002 1183 2098 simplicioris⁴
1196 2010 1269 2075 aevi

145 2123 297 2208 reliquiis
319 2123 381 2188 vix
412 2143 561 2208 unquam
583 2107 701 2190 eadelm
722 2119 889 2185 indicium
912 2143 978 2187 esse
996 2122 1153 2208 repetitio
1178 2122 1269 2187 vide·

145 2247 219 2314 tur3
253 2246 328 2298 tum
353 2245 456 2333 puto,
487 2232 588 2297 fuisse
607 2232 663 2297 hle
683 2233 785 2298 etiam
807 2237 923 2321 poetae
941 2257 1075 2300 caueam
1098 2237 1269 2323 repetendi

145 2346 352 2411 mentionem
374 2346 543 2423 locorum,
567 2345 665 2409 iuxta
684 2367 768 2430 quae
788 2345 890 2433 positi
911 2358 1006 2412 erant
1026 2347 1189 2413 Titanum
1213 2372 1270 2414 eu·

145 2460 250 2525 stodes
273 2458 485 2537 Centimani,
518 2459 661 2538 scilieet,
691 2470 731 2523 ut
752 2472 884 2547 pararet
903 2461 969 2527 eibi
994 2463 1126 2527 aditum
1150 2465 1191 2529 ad
1211 2488 1270 2529 no·

146 2595 229 2665 vum
259 2573 340 2660 quid
369 2574 412 2638 de
443 2573 578 2638 Briareo
602 2573 826 2651 narrandum,
857 2596 939 2660 quae
964 2576 1114 2642 narratio
1134 2578 1271 2664 quidem

146 2688 234 2774 ipsa,
266 2698 306 2750 ut
335 2685 437 2750 sensit
462 2685 565 2749 etiam
584 2684 755 2781 Wolfiuo,
782 2688 926 2752 auctoris
945 2688 1155 2777 Theogoniae
1173 2692 1272 2777 plane

146 2800 304 2866 convenit
325 2799 470 2886 iugenio.
517 2797 640 2863 Maluit
659 2798 809 2885 Heynius
828 2798 1002 2888 rhapsodis
1014 2802 1193 2866 consilium
1212 2799 1280 2865 tri·'

147 2912 264 2991 buere,
284 2913 372 2998 quod
399 2934 457 2998 ego
479 2911 586 2976 tribui
606 2933 697 2998 posse
717 2914 834 2998 poetae
854 2912 920 2999 ipsi
938 2935 1061 2979 censeo,
1100 2914 1270 2983 Wolfium

120 3014 124 3021 ¹
149 3026 186 3089 in
208 3024 412 3113 apponendis
434 3022 568 3086 uncinis
591 3023 693 3086 secuti
716 3034 797 3087 eunt
820 3020 926 3088 Gaisf.
951 3036 985 3088 et
1004 3025 1106 3089 Dind.

192 3272 225 3314 v.
250 3250 326 3314 811.
351 3250 391 3313 ad
414 3235 602 3334 μαρμάρεω
628 3263 667 3311 τε
689 3242 794 3313 πύλαι
822 3246 959 3313 offendit
979 3248 1207 3338 Goettlingiue
1231 3251 1274 3315 ob

149 3373 348 3427 memoratus
377 3384 477 3449 supra
507 3384 540 3428 v.
574 3361 638 3425 732
669 3382 735 3445 seq.
768 3353 943 3448 χαλκείας.
988 3361 1051 3427 Sed
1086 3348 1274 3449 μαρμάρεος

149 3474 237 3562 apud
261 3473 379 3561 Epiouu
400 3497 470 3539 nou
492 3486 562 3537 tam
582 3496 814 3552 marmoreum,
839 3497 941 3561 quam
969 3477 1082 3562 aliqua
1111 3476 1153 3541 de
1178 3497 1275 3541 eausa

30 3568 35 3577 ’
149 3587 361 3676 pendentem
387 3598 491 3652 notat.
514 3587 600 3655 viae
630 3581 682 3673 (ut
712 3570 805 3649 inm
828 3586 939 3652 duam
959 3589 1002 3652 u
1032 3589 1114 3653 locu
1139 3586 1277 3652 nomen
1343 3652 1348 3659 ,

150 3701 192 3766 lt
218 3701 243 3765 Γ
245 3748 254 3766 .
280 3701 354 3767 126.
378 3701 421 3764 Χ.
443 3701 529 3778 441„
554 3699 613 3763 ubi
636 3721 728 3763 nunc
748 3693 930 3785 πορφυρέην
958 3701 1082 3787 legitur
1105 3722 1168 3787 pro
1187 3699 1277 3763 anti·

150 3834 216 3898 quo
243 3836 279 3878 ac
307 3811 444 3877 fortasse
471 3812 600 3878 veriore
622 3801 825 3898 μαρμαρέην)
848 3812 890 3876 ΙΙ.
914 3814 948 3876 Ξ,
972 3816 1052 3878 273.
1074 3814 1109 3877 P.
1137 3813 1211 3877 594.
1237 3811 1275 3875 Σ.

154 3927 228 3992 teu.
248 3949 314 4012 quo
331 3937 499 4013 postremo
517 3926 590 3989 loco
611 3919 801 4012 pappape'tu
820 3913 989 4012 (ἄντυγα)
1011 3927 1074 3990 vix
1094 3925 1194 3990 aliuer
1217 3925 1277 3989 exss

153 4039 270 4126 plioeu,
289 4062 391 4126 quam
411 4062 548 4103 aeream.
582 4038 695 4125 ltaque
716 4050 855 4125 possunt
878 4038 932 4101 hle
948 4039 1050 4102 etiarn
1068 4061 1132 4102 esse
1151 4059 1280 4103 memo·

153 4164 244 4216 ratae
266 4176 364 4241 supra
388 4178 418 4218 v.
446 4155 520 4217 733.
546 4139 709 4239 χάλκεαι.
1292 4152 1294 4157 ’
