2967 5209
468 563 501 607 ur
526 561 650 608 nutent
674 559 892 609 macenorum
991 540 998 546 ’
1180 533 1251 607 199

124 730 246 795 Terrae
278 726 379 794 filius.
404 694 506 796 Conf.
536 741 570 795 et
590 728 742 796 Enstatlt.
771 751 805 815 p.
832 728 928 793 1622.
953 730 1005 797 60.
1026 726 1088 793 ubi
1106 725 1251 795 diverses

90 930 97 941 ἢ
121 863 191 907 esee
210 851 307 906 notat
325 839 467 907 Homeri
489 853 523 907 et
546 841 681 908 Hesiodi
700 863 801 929 super
818 839 1024 928 Cyclopibus
1042 839 1249 909 orditiones.

124 1120 128 1131 .
167 1086 201 1132 v.
234 1065 308 1131 142.
341 1066 436 1132 Teste
463 1064 648 1132 Scholiasta
671 1066 712 1132 od
732 1066 769 1134 h.
793 1067 821 1133 l.
845 1064 960 1135 Crates
981 1088 1045 1156 pro
1065 1066 1133 1167 hoc
1154 1087 1251 1135 versu

121 1180 272 1244 alterum
291 1177 466 1244 substituit
489 1165 522 1243 οἵ
542 1166 571 1246 l
593 1165 632 1261 ἐξ
656 1158 826 1246 euleu
851 1165 957 1257 lumel
979 1168 1107 1268 τράφεν
1126 1165 1251 1259 milite

122 1306 187 1361 m.
225 1288 329 1358 Causa
348 1289 475 1357 ibidem
496 1291 668 1372 adfertur,
695 1292 784 1380 quod
807 1277 840 1356 ἔν
864 1282 912 1380 τῷ
937 1281 1002 1358 τῶν
1025 1279 1252 1359 Λευκιππίδων

122 1392 306 1492 Μαλόγῳ
338 1404 362 1469 i.
396 1426 425 1469 e.
448 1416 544 1493 parte
565 1404 717 1470 Hesiodei
737 1403 905 1493 Cetalogi,
934 1405 974 1471 in
988 1427 1057 1493 que
1076 1416 1189 1472 actum
1208 1405 1252 1473 de

124 1517 288 1605 Leucippi
305 1517 449 1598 filiabus,
473 1520 585 1606 itaque
605 1519 648 1584 de
667 1519 826 1600 Arsinoe,
848 1531 994 1623 natoque
1012 1543 1056 1587 ex
1073 1520 1138 1585 hae
1157 1531 1191 1589 et
1206 1523 1252 1588 A·

124 1630 255 1717 polline
283 1629 499 1720 Aesculapio,
528 1630 655 1697 dicium
684 1631 809 1720 Apollo
838 1633 1001 1722 Cyclopes
1024 1631 1250 1712 interfecisse,

124 1754 271 1809 mortem
301 1743 501 1834 Aesculapii,
525 1745 567 1810 ah
587 1745 665 1812 love
680 1746 827 1834 peremti
845 1745 1010 1827 fulmine,
1034 1745 1073 1811 in
1093 1743 1253 1813 fulminis

122 1858 310 1926 munibus
329 1863 423 1927 ultus
439 1862 529 1953 (vid.
548 1861 705 1951 Apollod.
724 1861 786 1927 ΠΙ.
806 1861 865 1930 ΙΧ.
882 1866 916 1930 3.
936 1863 967 1928 4.
991 1863 1115 1928 collato
1129 1861 1251 1931 Pausu-

122 1974 182 2039 nia
203 1974 246 2040 ΙΙ.
271 1971 360 2064 26.);
382 1976 548 2062 quomodo
564 1975 672 2064 igitur
698 1966 831 2063 possent
853 1975 910 2041 hic
926 1974 1090 2065 Cyclopes
1115 1977 1251 2064 speetu

124 2072 204 2155 leole
226 2072 406 2175 ἐναλίγκιοι
434 2087 518 2154 dicti
542 2086 632 2153 esse?
676 2086 846 2167 Profecto,
874 2088 941 2152 nisi
967 2087 1031 2153 illa
1053 2086 1095 2151 de
1120 2084 1254 2152 Cretete

121 2195 271 2263 referens
289 2199 452 2287 imposuit
474 2200 572 2265 nobis
592 2198 795 2278 Scholiasta,
814 2198 964 2266 notabile
977 2198 1033 2263 hic
1054 2198 1252 2285 exemplum

122 2321 172 2376 est
195 2308 418 2377 Grammatici
436 2310 533 2377 illius
558 2322 633 2376 tum
659 2311 815 2377 licentiae
842 2311 881 2377 in
904 2310 1086 2377 exomendo
1115 2310 1250 2387 critica,

122 2433 200 2488 tum
222 2445 301 2490 vero
321 2424 424 2489 etiam
446 2424 603 2491 levitatis.
649 2422 735 2489 Nam
753 2421 854 2492 verba
877 2410 957 2494 θεοῖς
982 2410 1161 2511 ἐναλίγκιοι
1181 2444 1253 2489 nou

122 2538 192 2602 nisi
224 2537 267 2603 ad
295 2538 529 2604 declarandam
566 2536 757 2626 Cyclopum
792 2536 940 2607 formam
963 2534 1151 2627 pertinere,
1174 2537 1252 2602 satis

124 2647 294 2717 Cratetem
316 2650 432 2716 docere
442 2661 577 2739 poterat
591 2672 705 2737 uersus
720 2672 868 2739 sequens,
883 2663 925 2715 ut
939 2649 1023 2717 bene
1040 2650 1252 2717 observatum

122 2763 163 2829 in
185 2762 314 2830 Schelii
337 2764 379 2829 ed
394 2764 473 2830 lut
496 2763 610 2829 lineet
630 2775 742 2852 postea
763 2786 781 2829 a
801 2763 944 2831 Graevio
963 2763 1003 2830 ad
1023 2763 1059 2830 h.
1078 2766 1105 2830 l.
1132 2763 1250 2830 Goett-
1287 2776 1289 2781 '

121 2876 251 2965 litigius
270 2875 491 2945 Scholiastum
511 2889 635 2943 mntem
652 2876 782 2944 Crateti
802 2876 958 2945 tribuisse
973 2899 1108 2944 versum
1122 2879 1250 2958 statuit,

122 2988 185 3076 qui
206 2990 346 3055 alterius
364 2987 471 3055 fuerit
492 2988 701 3068 recensionis,
729 2990 901 3077 pertinens
923 2990 963 3054 ad
982 3012 1037 3055 vv.
1064 2991 1146 3069 144,
1175 2992 1249 3057 145.

122 3102 238 3189 itaque
267 3101 372 3169 illum
395 3123 530 3168 versum
553 3111 631 3166 ante
660 3102 722 3166 hos
747 3101 785 3165 in
810 3112 1008 3167 contextum
1029 3103 1172 3191 recepit3
1195 3126 1253 3170 ee·

123 3225 238 3281 terum
256 3233 371 3281 omncs
389 3212 525 3281 turtinis
546 3213 695 3279 inclusit.
728 3212 906 3300 Equidem,
930 3237 1009 3279 cum
1029 3217 1177 3304 perversi
1196 3217 1250 3284 iu·

123 3326 207 3392 dicii
235 3323 405 3393 Cretetem
433 3326 500 3392 ulia
529 3347 660 3414 queque
692 3337 834 3414 arguant
860 3326 1000 3408 indicis,
1031 3327 1251 3399 Scholiastetn

123 3461 204 3507 vera
223 3439 266 3504 de
286 3461 324 3505 eo
343 3440 496 3506 retulisse
510 3439 674 3520 arbitror,
687 3441 885 3530 praesertim
898 3465 977 3508 cum
997 3455 1067 3510 tam
1082 3459 1253 3515 accuratus

25 3549 29 3560 '
125 3551 311 3620 Scholiasta
331 3550 438 3619 fuerit
454 3554 494 3619 in
510 3553 715 3621 subiicienda
733 3554 881 3623 Cretetei
899 3578 999 3646 super
1022 3558 1086 3625 hoc
1107 3561 1181 3626 loco
1197 3561 1252 3627 iu-

124 3665 207 3733 dicii
217 3688 323 3733 causa.
338 3663 438 3735 conf.
460 3667 629 3736 Muctusll.
644 3692 678 3758 p.
691 3670 768 3738 285.
792 3669 902 3739 Verba
921 3683 1033 3738 autem
1052 3672 1252 3741 scholiastae

77 3866 78 3871 ἵ
125 3767 255 3866 Κράτης
282 3767 360 3845 ἀντὶ
393 3773 512 3844 tatros
544 3771 646 3848 mov
674 3775 803 3873 στίχον
828 3773 1045 3871 παρατίθεται
1075 3786 1165 3853 mihi
1189 3786 1252 3855 vix

125 3890 429 3980 aliudsignillcare
448 3915 540 3982 pesse
557 3893 732 4003 videntur,
758 3917 859 3983 quam
878 3898 968 3984 quod
990 3897 1093 3964 huius
1115 3899 1257 3968 adnotato
1384 3904 1388 3911 ’

125 4003 231 4069 tionis
249 4004 351 4071 initio
372 4006 557 4095 posuimus.

171 4118 289 4186 Poetae
315 4110 417 4188 fuisse
436 4122 598 4189 dicuntur
614 4122 776 4213 Cyclopes
797 4146 859 4214 per
882 4126 996 4193 emnia
1017 4128 1090 4194 Diis
1113 4129 1252 4211 similes,

16 4298 18 4315 ,
127 4241 287 4319 excepto,
311 4234 399 4320 quod
418 4256 526 4300 unum
549 4235 660 4300 media
680 4233 793 4302 fronte
809 4238 946 4305 oculum
968 4238 1144 4307 habebant.
1186 4244 1252 4310 vi:-

127 4342 226 4408 detur
248 4342 363 4413 fabula
386 4347 466 4413 haec
485 4359 588 4414 aetate
608 4347 699 4438 epica
720 4350 800 4415 adeo
819 4347 920 4417 fuisse
939 4352 1069 4437 cognita
1092 4379 1128 4419 sc
1149 4357 1250 4443 vulgo
