2967 5209
259 454 332 529 338
699 479 938 527 conminuere

284 648 288 655 ’
301 654 407 721 Versu
419 655 493 718 781.
512 663 708 739 receptuma
724 650 820 718 nobis
834 650 983 714 emsiori
992 661 1086 737 perte
1096 649 1258 716 Codicum
1268 639 1383 739 ἄγγε-

257 759 309 844 λίη
330 767 550 831 Buttmunnus
569 763 594 828 l.
607 785 636 829 c.
654 762 701 827 itu
713 783 831 828 verum
848 760 954 827 videri
971 783 1062 848 posse
1074 773 1192 839 censet,
1208 762 1382 828 siinlocis

257 879 410 956 Homeri,
446 877 506 942 ubi
534 886 666 941 exstant
697 863 881 963 ἆγγελίης,
906 863 1086 962 ςἰγγελίην,
1117 875 1155 939 hi
1178 897 1268 939 casus
1294 897 1379 939 cum

255 990 454 1077 quibusdum
478 988 719 1055 Grammaticis
747 988 830 1053 flexi
859 999 1052 1055 censeantur
1082 987 1331 1053 anominativo
1362 981 1380 1052 ὁ

256 1092 420 1192 ςἰγγελίης
442 1111 590 1180 nuncius,
615 1102 710 1167 cuius
733 1099 838 1165 fuerit
852 1098 1058 1166 femininum
1080 1088 1225 1188 ἀγγελίη
1245 1108 1377 1178 nuncia,

255 1227 294 1280 ut
321 1227 368 1281 est
400 1215 459 1277 τοῦ
483 1206 603 1300 ταμίης
637 1213 843 1280 femininum
866 1205 977 1297 τςιμίη.
1010 1210 1108 1279 Conf.
1132 1211 1317 1300 Hesychius
1341 1235 1374 1277 v.

254 1318 429 1418 ςἰγγελίης,
451 1325 562 1393 Schcl.
586 1327 627 1392 D.
652 1328 692 1392 ad
716 1326 758 1391 Il.
785 1326 820 1388 Γ.
846 1327 934 1404 206,
953 1326 1007 1391 cui
1020 1325 1248 1392 Grammatico
1261 1324 1374 1389 uomi-

252 1442 387 1507 netivus
414 1443 551 1507 muscul.
579 1440 707 1527 generis
740 1428 902 1526 ἀγγελίης
932 1437 1057 1504 dicitur
1088 1460 1153 1503 esse
1184 1431 1241 1515 τῆς
1268 1423 1374 1505 ’latta

253 1543 443 1635 διαλέκτου,
464 1551 524 1616 ubi
546 1553 728 1628 incertum,
752 1562 868 1614 utrum
893 1572 959 1615 esse
972 1549 1120 1615 voluerit
1139 1548 1294 1615 lonicum
1315 1570 1372 1615 vo·

250 1667 408 1731 rabulum
430 1687 493 1752 pro
516 1653 686 1751 ίίγγελος,
710 1685 753 1727 an
771 1661 917 1727 Ionicam
937 1660 1084 1727 formam
1106 1684 1168 1750 pro
1190 1650 1371 1750 ἀγγελίας·

249 1780 368 1844 Fateor
397 1788 527 1855 autem,
554 1776 644 1841 mihi
671 1776 760 1841 illud
784 1767 800 1839 ὁ
825 1763 987 1862 ἀγγελίης
1009 1786 1239 1842 commentum
1262 1774 1371 1841 videri

249 1893 411 1957 seriorum
435 1889 759 1966 Grammaticorum,
784 1910 861 1953 oum
880 1889 968 1976 apud
989 1889 1194 1975 antiquiores
1213 1898 1369 1953 notatum

248 2005 452 2068 invenissent
473 1991 654 2091 ἀγγελίης,
680 1990 841 2090 ἀγγελίην
863 2025 927 2066 esse
950 1991 1025 2066 ἀντὶ
1050 2001 1107 2064 τοῦ
1133 1991 1300 2089 ἄγγελος,
1313 2018 1370 2077 τη-

247 2103 369 2199 uenirem
393 2107 449 2181 τὸν
473 2107 633 2204 ίίγγελοη.
657 2115 734 2181 Vid.
758 2114 959 2201 Apollonius
972 2116 1008 2179 in
1023 2116 1105 2205 Lex.
1122 2137 1157 2201 p.
1179 2115 1232 2179 26.
1252 2115 1366 2200 Etym.

248 2228 295 2294 M.
321 2251 356 2315 p.
383 2233 438 2295 30.
465 2231 519 2295 at.
543 2227 657 2295 Schol.
677 2229 718 2292 ad
739 2228 781 2294 Il.
804 2227 846 2291 Λ.
870 2228 944 2294 140.
963 2227 1003 2293 N.
1028 2228 1104 2294 252.
1128 2225 1168 2292 0.
1190 2228 1266 2292 639.
1292 2227 1366 2290 640.

246 2339 337 2425 Quos
363 2341 517 2427 equidem
538 2363 615 2405 cum
635 2339 766 2427 Heynio
788 2339 919 2406 Comm.
940 2339 980 2403 ad
1003 2340 1043 2405 Il.
1068 2340 1104 2403 Γ.
1128 2341 1204 2406 206.
1227 2340 1367 2406 voluisse

244 2453 376 2539 opinor,
401 2442 567 2540 ἀγγελίην
589 2475 651 2539 pro
672 2475 710 2517 eo
727 2452 813 2531 dici,
835 2452 894 2538 qui
913 2452 1066 2530 nunciet,
1087 2452 1290 2518 abstractum
1307 2473 1366 2538 pro

244 2576 406 2642 concreto,
430 2588 500 2629 non
518 2588 611 2643 vero,
633 2577 673 2629 ut
693 2566 738 2629 sit
761 2556 777 2629 ὁ
798 2551 985 2653 ςίγγελίςςς,
1008 2564 1185 2652 potiorque
1203 2563 1294 2629 mihi
1317 2563 1363 2627 vi·

244 2676 342 2739 detur
364 2674 514 2742 trahenda
536 2679 712 2743 auctoritas
732 2676 902 2754 Zenodoti,
919 2676 989 2763 qui,
1006 2687 1086 2742 teste
1097 2675 1282 2763 Apollonio
1300 2677 1323 2742 l.
1337 2698 1362 2740 c.

244 2789 469 2855 masculinum
494 2791 583 2856 illud
597 2791 775 2879 ignoravit.
823 2790 1080 2878 Impuguantem
1101 2791 1190 2855 idem
1210 2789 1363 2857 Tollium

244 2901 397 2965 Excursu
428 2903 470 2966 ad
502 2902 724 2990 Apollonium
744 2926 779 2992 p.
802 2906 877 2968 737.
901 2903 1016 2969 laudat
1040 2903 1103 2968 hcc
1124 2902 1263 2989 nomine
1283 2902 1363 2967 Her·

243 3034 386 3079 manuus
409 3012 528 3103 Opusc.
547 3017 585 3082 Τ.
611 3017 637 3081 l.
658 3040 693 3105 p.
713 3019 787 3083 190.
833 3019 891 3083 Est
911 3017 1026 3104 igitur,
1048 3029 1087 3081 ut
1104 3017 1179 3081 iure
1200 3013 1305 3080 etiam
1325 3016 1363 3079 de

244 3122 330 3190 facto
350 3128 428 3193 inde
441 3129 649 3196 substantivo
668 3128 836 3195 feminino
854 3128 1038 3195 dubitetur.
1070 3129 1111 3193 In
1128 3127 1271 3215 Odyssea
1290 3129 1361 3215 qui·

243 3238 319 3302 dem
347 3260 477 3327 semper
504 3243 588 3306 citra
611 3222 943 3308 controversiam'est
964 3228 1112 3331 ἀγγελίη
1132 3264 1196 3330 pro
1217 3265 1252 3306 re
1277 3265 1360 3304 nnn-

242 3358 338 3431 ciutu,
361 3353 422 3417 vet
433 3354 622 3432 nuncianda,
641 3368 681 3419 ut
696 3378 749 3421 ex.
767 3379 815 3444 gr.
840 3357 883 3421 Π.
902 3356 989 3434 334.,
1002 3354 1062 3419 ubi
1080 3354 1191 3420 addita
1207 3365 1255 3420 est
1267 3376 1359 3442 prae·

242 3462 364 3550 positio
387 3452 502 3546 ἕνεκα,
522 3488 624 3551 quam
639 3469 676 3532 in
697 3469 774 3532 aliis
792 3469 929 3533 Homeri
948 3467 1029 3533 locis
1050 3479 1084 3531 et
1098 3467 1240 3533 lectione
1262 3466 1358 3534 Codi-

242 3596 319 3639 cum
340 3578 584 3643 nonnullorum
607 3590 704 3666 atque
725 3581 809 3646 Edd.
830 3580 987 3645 omnium
1008 3581 1044 3644 in
1065 3581 1129 3646 hoc
1140 3579 1275 3645 Hesiodi
1290 3581 1358 3644 loco

242 3680 403 3776 ἂγγελίης
424 3691 677 3778 intelligendam
699 3694 818 3757 statuit
839 3717 917 3758 cum
939 3695 1016 3759 aliis
1039 3693 1200 3762 Wolfins.
1223 3693 1356 3758 Factum

242 3814 352 3866 autem
383 3802 570 3868 Hermanni
598 3807 794 3892 praesertim
821 3807 1060 3893 disputatione,
1095 3817 1136 3870 ut
1155 3806 1269 3871 minus
1292 3805 1355 3871 iam

241 3917 392 4003 prompti
421 3916 537 3982 sinnus
557 3916 597 3982 ad
620 3919 755 4006 ellipses
775 3920 946 3985 huismodi
971 3920 1201 3985 admittendas.
1246 3919 1354 4004 ltaque
1435 3920 1437 4023 γ

241 4015 402 4115 ἂγγελίης
425 4017 601 4105 auduini&
623 4030 849 4119 Goettlingins
868 4035 916 4098 ita
938 4034 1067 4098 dictum
1089 4033 1172 4112 vult,
1195 4044 1236 4095 ut
1256 4017 1353 4118 τρίς·

240 4157 305 4206 τείν
331 4130 432 4224 ὁδοῦ,
454 4130 514 4208 θείς
534 4132 669 4225 πεδίου,
699 4145 839 4224 nuncio,
867 4146 925 4232 qui
952 4144 1167 4233 perferendus
1190 4156 1256 4223 est,
1278 4161 1350 4208 cum

240 4255 294 4319 via
320 4254 469 4333 confuso,
493 4280 557 4342 qua
575 4256 754 4343 perfertur.
799 4259 887 4324 Mihi
906 4258 1121 4346 praeferenda
1139 4260 1193 4323 hic
1216 4259 1284 4324 visu
1307 4262 1348 4317 est
