<?xml version="1.0" encoding="UTF-8"?>
<!DOCTYPE html PUBLIC "-//W3C//DTD XHTML 1.0 Transitional//EN"
    "http://www.w3.org/TR/xhtml1/DTD/xhtml1-transitional.dtd">
<html xmlns="http://www.w3.org/1999/xhtml" xml:lang="en" lang="en">
 <head>
  <title>
</title>
<meta http-equiv="Content-Type" content="text/html;charset=utf-8" />
  <meta name='ocr-system' content='tesseract 3.04.00' />
  <meta name='ocr-capabilities' content='ocr_page ocr_carea ocr_par ocr_line ocrx_word'/>
</head>
<body>
  <div class='ocr_page' id='page_1' title='image "./hesioditheogoni00lenngoog_0144.png"; bbox 0 0 2967 5209; ppageno 0'>
   <div class='ocr_carea' id='block_1_1' title="bbox 226 451 915 524">
    <p class='ocr_par' dir='ltr' id='par_1_1' title="bbox 226 451 915 524">
     <span class='ocr_line' id='line_1_1' title="bbox 226 451 915 524; baseline -0.007 -1"><span class='ocrx_word' id='word_1_1' title='bbox 226 451 295 524; x_wconf 90' lang='grc'><strong>100</strong></span> <span class='ocrx_word' id='word_1_2' title='bbox 651 456 915 524; x_wconf 79' lang='grc' dir='ltr'>ΗΣΙΟΔΟΥ</span> 
     </span>
    </p>
   </div>
   <div class='ocr_carea' id='block_1_2' title="bbox 196 631 1297 1111">
    <p class='ocr_par' dir='ltr' id='par_1_2' title="bbox 196 631 1297 1111">
     <span class='ocr_line' id='line_1_2' title="bbox 370 631 1271 739; baseline -0.009 -20"><span class='ocrx_word' id='word_1_3' title='bbox 370 642 458 719; x_wconf 75' lang='grc' dir='ltr'><em>ἐννέα</em></span> <span class='ocrx_word' id='word_1_4' title='bbox 481 638 583 717; x_wconf 72' lang='grc' dir='ltr'><em>πάντ’</em></span> <span class='ocrx_word' id='word_1_5' title='bbox 608 644 695 716; x_wconf 83' lang='grc' dir='ltr'><em>ἐ’σεα·</em></span> <span class='ocrx_word' id='word_1_6' title='bbox 722 638 857 739; x_wconf 66' lang='grc' dir='ltr'><em>δεκάτῳ</em></span> <span class='ocrx_word' id='word_1_7' title='bbox 882 635 913 713; x_wconf 82' lang='grc' dir='ltr'><strong>δ’</strong></span> <span class='ocrx_word' id='word_1_8' title='bbox 937 635 1154 736; x_wconf 71' lang='grc' dir='ltr'><strong>ἐπιμίσγεται</strong></span> <span class='ocrx_word' id='word_1_9' title='bbox 1176 631 1271 718; x_wconf 80' lang='grc' dir='ltr'><em>αὖτις</em></span> 
     </span>
     <span class='ocr_line' id='line_1_3' title="bbox 371 758 1248 864; baseline -0.006 -24"><span class='ocrx_word' id='word_1_10' title='bbox 371 767 470 864; x_wconf 59' lang='lat' dir='ltr'><strong>ripense</strong></span> <span class='ocrx_word' id='word_1_11' title='bbox 495 762 678 857; x_wconf 68' lang='grc' dir='ltr'><em>ἀθανάτων,</em></span> <span class='ocrx_word' id='word_1_12' title='bbox 703 761 733 837; x_wconf 76' lang='lat' dir='ltr'><strong>di</strong></span> <span class='ocrx_word' id='word_1_13' title='bbox 759 766 934 858; x_wconf 71' lang='grc' dir='ltr'><em>Ὀλύμπια</em></span> <span class='ocrx_word' id='word_1_14' title='bbox 957 758 1085 857; x_wconf 76' lang='grc' dir='ltr'><em>δώματ’</em></span> <span class='ocrx_word' id='word_1_15' title='bbox 1114 764 1248 862; x_wconf 70' lang='grc' dir='ltr'><em>ἔχουσι.</em></span> 
     </span>
     <span class='ocr_line' id='line_1_4' title="bbox 196 880 1297 985; baseline -0.008 -21"><span class='ocrx_word' id='word_1_16' title='bbox 196 971 200 976; x_wconf 57' lang='grc'><em>,</em></span> <span class='ocrx_word' id='word_1_17' title='bbox 274 887 348 963; x_wconf 84' lang='grc'><strong>805</strong></span> <span class='ocrx_word' id='word_1_18' title='bbox 374 893 459 963; x_wconf 85' lang='grc' dir='ltr'><em>σοίον</em></span> <span class='ocrx_word' id='word_1_19' title='bbox 483 885 535 985; x_wconf 72' lang='lat' dir='ltr'><strong>dp’</strong></span> <span class='ocrx_word' id='word_1_20' title='bbox 559 886 650 985; x_wconf 76' lang='lat' dir='ltr'><strong>‘o&#39;ptttu</strong></span> <span class='ocrx_word' id='word_1_21' title='bbox 674 883 779 962; x_wconf 74' lang='grc' dir='ltr'><em>’ἔθεντο</em></span> <span class='ocrx_word' id='word_1_22' title='bbox 805 882 868 960; x_wconf 74' lang='grc' dir='ltr'><em>θεαί</em></span> <span class='ocrx_word' id='word_1_23' title='bbox 891 884 1023 982; x_wconf 68' lang='grc' dir='ltr'><em>Στυγὸς</em></span> <span class='ocrx_word' id='word_1_24' title='bbox 1048 880 1193 978; x_wconf 65' lang='grc' dir='ltr'><em>ἄφθιτον</em></span> <span class='ocrx_word' id='word_1_25' title='bbox 1212 880 1297 979; x_wconf 72' lang='grc' dir='ltr'><strong>ὕδωρ</strong></span> 
     </span>
     <span class='ocr_line' id='line_1_5' title="bbox 374 1003 1250 1111; baseline -0.006 -25"><span class='ocrx_word' id='word_1_26' title='bbox 374 1012 528 1111; x_wconf 75' lang='grc' dir='ltr'><strong>ὠγύγιον·</strong></span> <span class='ocrx_word' id='word_1_27' title='bbox 552 1008 593 1084; x_wconf 84' lang='grc' dir='ltr'><strong>τί</strong></span> <span class='ocrx_word' id='word_1_28' title='bbox 615 1007 641 1085; x_wconf 80' lang='grc' dir='ltr'><strong>θ’</strong></span> <span class='ocrx_word' id='word_1_29' title='bbox 665 1004 734 1097; x_wconf 71' lang='lat' dir='ltr'><strong>ipo-c</strong></span> <span class='ocrx_word' id='word_1_30' title='bbox 758 1009 1021 1101; x_wconf 71' lang='grc' dir='ltr'><strong>καταστυφέλου</strong></span> <span class='ocrx_word' id='word_1_31' title='bbox 1046 1003 1102 1083; x_wconf 74' lang='grc' dir='ltr'><em>διὰ</em></span> <span class='ocrx_word' id='word_1_32' title='bbox 1127 1003 1250 1107; x_wconf 73' lang='grc' dir='ltr'><strong>χώραν.</strong></span> 
     </span>
    </p>
   </div>
   <div class='ocr_carea' id='block_1_3' title="bbox 619 1224 970 1274">
    <p class='ocr_par' dir='ltr' id='par_1_3' title="bbox 619 1224 970 1274">
     <span class='ocr_line' id='line_1_6' title="bbox 619 1224 970 1274; baseline -0.006 0"><span class='ocrx_word' id='word_1_33' title='bbox 619 1224 752 1274; x_wconf 69' lang='lat' dir='ltr'><strong>vamum</strong></span> <span class='ocrx_word' id='word_1_34' title='bbox 773 1225 970 1273; x_wconf 75' lang='lat' dir='ltr'><strong>LEGTIONES·</strong></span> 
     </span>
    </p>
   </div>
   <div class='ocr_carea' id='block_1_4' title="bbox 152 1357 1362 1680">
    <p class='ocr_par' dir='ltr' id='par_1_4' title="bbox 152 1357 1362 1680">
     <span class='ocr_line' id='line_1_7' title="bbox 233 1357 1358 1421; baseline -0.004 -9"><span class='ocrx_word' id='word_1_35' title='bbox 233 1367 301 1413; x_wconf 76' lang='lat' dir='ltr'><strong>erudi</strong></span> <span class='ocrx_word' id='word_1_36' title='bbox 332 1364 434 1412; x_wconf 86' lang='lat' dir='ltr'><strong>verbum</strong></span> <span class='ocrx_word' id='word_1_37' title='bbox 466 1369 503 1410; x_wconf 90' lang='lat' dir='ltr'><strong>est</strong></span> <span class='ocrx_word' id='word_1_38' title='bbox 537 1359 636 1408; x_wconf 89' lang='lat' dir='ltr'><strong>lonibus</strong></span> <span class='ocrx_word' id='word_1_39' title='bbox 669 1357 778 1419; x_wconf 79' lang='lat' dir='ltr'><strong>inprimis</strong></span> <span class='ocrx_word' id='word_1_40' title='bbox 815 1357 883 1407; x_wconf 80' lang='lat' dir='ltr'><strong>conl.</strong></span> <span class='ocrx_word' id='word_1_41' title='bbox 902 1358 958 1407; x_wconf 87' lang='lat' dir='ltr'><strong>Orio</strong></span> <span class='ocrx_word' id='word_1_42' title='bbox 977 1358 1055 1421; x_wconf 75' lang='lat' dir='ltr'><strong>Etym.</strong></span> <span class='ocrx_word' id='word_1_43' title='bbox 1072 1373 1099 1420; x_wconf 89' lang='lat' dir='ltr'><strong>p.</strong></span> <span class='ocrx_word' id='word_1_44' title='bbox 1118 1357 1163 1407; x_wconf 82' lang='grc'><strong>59.</strong></span> <span class='ocrx_word' id='word_1_45' title='bbox 1181 1357 1262 1421; x_wconf 80' lang='lat' dir='ltr'><strong>Etym.</strong></span> <span class='ocrx_word' id='word_1_46' title='bbox 1277 1357 1312 1406; x_wconf 83' lang='lat' dir='ltr'><strong>ll.</strong></span> <span class='ocrx_word' id='word_1_47' title='bbox 1329 1373 1358 1421; x_wconf 86' lang='lat' dir='ltr'><strong>p.</strong></span> 
     </span>
     <span class='ocr_line' id='line_1_8' title="bbox 234 1444 1359 1507; baseline -0.004 -10"><span class='ocrx_word' id='word_1_48' title='bbox 234 1450 358 1497; x_wconf 88' lang='lat' dir='ltr'><strong>usitatum.</strong></span> <span class='ocrx_word' id='word_1_49' title='bbox 397 1447 451 1494; x_wconf 83' lang='lat' dir='ltr'><strong>vid.</strong></span> <span class='ocrx_word' id='word_1_50' title='bbox 469 1447 529 1494; x_wconf 86' lang='lat' dir='ltr'><strong>Ern.</strong></span> <span class='ocrx_word' id='word_1_51' title='bbox 546 1445 577 1492; x_wconf 91' lang='lat' dir='ltr'><strong>ad</strong></span> <span class='ocrx_word' id='word_1_52' title='bbox 589 1444 685 1492; x_wconf 79' lang='lat' dir='ltr'><strong>Gallim.</strong></span> <span class='ocrx_word' id='word_1_53' title='bbox 703 1444 734 1491; x_wconf 87' lang='grc' dir='ltr'><strong>Η.</strong></span> <span class='ocrx_word' id='word_1_54' title='bbox 753 1444 779 1491; x_wconf 89' lang='lat' dir='ltr'><strong>in</strong></span> <span class='ocrx_word' id='word_1_55' title='bbox 816 1444 878 1491; x_wconf 73' lang='lat'><strong>483.</strong></span> <span class='ocrx_word' id='word_1_56' title='bbox 897 1444 925 1491; x_wconf 79' lang='lat' dir='ltr'><strong>l.</strong></span> <span class='ocrx_word' id='word_1_57' title='bbox 943 1445 1046 1507; x_wconf 77' lang='lat' dir='ltr'><strong>llesyclr.</strong></span> <span class='ocrx_word' id='word_1_58' title='bbox 1059 1445 1088 1492; x_wconf 84' lang='lat' dir='ltr'><strong>T.</strong></span> <span class='ocrx_word' id='word_1_59' title='bbox 1101 1444 1124 1492; x_wconf 90' lang='lat' dir='ltr'><strong>l.</strong></span> <span class='ocrx_word' id='word_1_60' title='bbox 1141 1459 1168 1507; x_wconf 91' lang='lat' dir='ltr'><strong>p.</strong></span> <span class='ocrx_word' id='word_1_61' title='bbox 1182 1444 1261 1492; x_wconf 73' lang='lat'><strong>1112.</strong></span> <span class='ocrx_word' id='word_1_62' title='bbox 1277 1444 1307 1492; x_wconf 83' lang='lat' dir='ltr'><strong>T.</strong></span> <span class='ocrx_word' id='word_1_63' title='bbox 1322 1444 1359 1494; x_wconf 88' lang='lat' dir='ltr'><strong>tl.</strong></span> 
     </span>
     <span class='ocr_line' id='line_1_9' title="bbox 152 1521 1361 1596; baseline -0.002 -16"><span class='ocrx_word' id='word_1_64' title='bbox 152 1521 157 1528; x_wconf 73' lang='grc'><strong>’</strong></span> <span class='ocrx_word' id='word_1_65' title='bbox 233 1534 286 1582; x_wconf 82' lang='lat' dir='ltr'><strong>lor.</strong></span> <span class='ocrx_word' id='word_1_66' title='bbox 305 1533 348 1581; x_wconf 72' lang='lat' dir='ltr'><strong>la.</strong></span> <span class='ocrx_word' id='word_1_67' title='bbox 386 1530 435 1596; x_wconf 78' lang='lat' dir='ltr'><strong>Sed</strong></span> <span class='ocrx_word' id='word_1_68' title='bbox 449 1531 514 1594; x_wconf 88' lang='lat' dir='ltr'><strong>apud</strong></span> <span class='ocrx_word' id='word_1_69' title='bbox 532 1531 664 1579; x_wconf 83' lang='lat' dir='ltr'>Homerum</span> <span class='ocrx_word' id='word_1_70' title='bbox 677 1537 702 1578; x_wconf 87' lang='lat' dir='ltr'><strong>et</strong></span> <span class='ocrx_word' id='word_1_71' title='bbox 720 1528 781 1576; x_wconf 89' lang='lat' dir='ltr'><strong>alios</strong></span> <span class='ocrx_word' id='word_1_72' title='bbox 816 1544 843 1591; x_wconf 72' lang='lat' dir='ltr'><strong>p,</strong></span> <span class='ocrx_word' id='word_1_73' title='bbox 863 1530 907 1578; x_wconf 82' lang='grc'><strong>69.</strong></span> <span class='ocrx_word' id='word_1_74' title='bbox 944 1530 1006 1578; x_wconf 87' lang='lat' dir='ltr'><strong>&#39;lum</strong></span> <span class='ocrx_word' id='word_1_75' title='bbox 1026 1524 1108 1592; x_wconf 75' lang='grc' dir='ltr'><em>εἰρίαι</em></span> <span class='ocrx_word' id='word_1_76' title='bbox 1127 1530 1236 1593; x_wconf 82' lang='lat' dir='ltr'><strong>dactylus</strong></span> <span class='ocrx_word' id='word_1_77' title='bbox 1253 1532 1361 1579; x_wconf 88' lang='lat' dir='ltr'><strong>colorem</strong></span> 
     </span>
     <span class='ocr_line' id='line_1_10' title="bbox 235 1616 1362 1680; baseline -0.002 -14"><span class='ocrx_word' id='word_1_78' title='bbox 235 1631 331 1680; x_wconf 87' lang='lat' dir='ltr'><strong>semper</strong></span> <span class='ocrx_word' id='word_1_79' title='bbox 346 1618 444 1678; x_wconf 86' lang='lat' dir='ltr'><strong>ponitur</strong></span> <span class='ocrx_word' id='word_1_80' title='bbox 461 1631 517 1665; x_wconf 91' lang='lat' dir='ltr'><strong>cum</strong></span> <span class='ocrx_word' id='word_1_81' title='bbox 534 1616 631 1673; x_wconf 83' lang='lat' dir='ltr'><strong>dativo,</strong></span> <span class='ocrx_word' id='word_1_82' title='bbox 655 1627 781 1675; x_wconf 87' lang='lat' dir='ltr'><strong>nunquam</strong></span> <span class='ocrx_word' id='word_1_83' title='bbox 818 1616 890 1664; x_wconf 85' lang='lat' dir='ltr'><strong>babet</strong></span> <span class='ocrx_word' id='word_1_84' title='bbox 901 1629 1000 1676; x_wconf 85' lang='lat' dir='ltr'><strong>prorsus</strong></span> <span class='ocrx_word' id='word_1_85' title='bbox 1011 1617 1169 1665; x_wconf 85' lang='lat' dir='ltr'><strong>Hesiodeum.</strong></span> <span class='ocrx_word' id='word_1_86' title='bbox 1205 1617 1362 1666; x_wconf 80' lang='lat' dir='ltr'><strong>Ruhnkania·</strong></span> 
     </span>
    </p>
   </div>
   <div class='ocr_carea' id='block_1_5' title="bbox 70 1698 1363 1786">
    <p class='ocr_par' dir='ltr' id='par_1_5' title="bbox 70 1698 1363 1786">
     <span class='ocr_line' id='line_1_11' title="bbox 70 1698 1363 1786; baseline 0.001 -34"><span class='ocrx_word' id='word_1_87' title='bbox 70 1771 76 1786; x_wconf 91' lang='lat'>.</span> <span class='ocrx_word' id='word_1_88' title='bbox 140 1723 145 1728; x_wconf 94' lang='lat'>·</span> <span class='ocrx_word' id='word_1_89' title='bbox 236 1717 293 1752; x_wconf 89' lang='lat' dir='ltr'><strong>eum</strong></span> <span class='ocrx_word' id='word_1_90' title='bbox 312 1716 399 1765; x_wconf 87' lang='lat' dir='ltr'><strong>praep.</strong></span> <span class='ocrx_word' id='word_1_91' title='bbox 418 1700 469 1759; x_wconf 74' lang='grc' dir='ltr'><strong>νίς,</strong></span> <span class='ocrx_word' id='word_1_92' title='bbox 492 1715 556 1762; x_wconf 86' lang='lat' dir='ltr'><strong>quae</strong></span> <span class='ocrx_word' id='word_1_93' title='bbox 576 1714 649 1750; x_wconf 90' lang='lat' dir='ltr'><strong>causa</strong></span> <span class='ocrx_word' id='word_1_94' title='bbox 667 1700 783 1748; x_wconf 81' lang='lat' dir='ltr'><strong>lluhnlto·</strong></span> <span class='ocrx_word' id='word_1_95' title='bbox 818 1715 877 1751; x_wconf 87' lang='lat' dir='ltr'><strong>num</strong></span> <span class='ocrx_word' id='word_1_96' title='bbox 898 1698 975 1763; x_wconf 72' lang='grc' dir='ltr'><em>ίίραις</em></span> <span class='ocrx_word' id='word_1_97' title='bbox 996 1717 1113 1765; x_wconf 82' lang='lat' dir='ltr'><strong>recepere</strong></span> <span class='ocrx_word' id='word_1_98' title='bbox 1132 1703 1234 1770; x_wconf 80' lang='lat' dir='ltr'><strong>Woliius</strong></span> <span class='ocrx_word' id='word_1_99' title='bbox 1258 1711 1284 1752; x_wconf 88' lang='lat' dir='ltr'><strong>et</strong></span> <span class='ocrx_word' id='word_1_100' title='bbox 1304 1703 1363 1753; x_wconf 83' lang='lat' dir='ltr'><strong>llin-</strong></span> 
     </span>
    </p>
   </div>
   <div class='ocr_carea' id='block_1_6' title="bbox 170 1784 1430 4321">
    <p class='ocr_par' dir='ltr' id='par_1_6' title="bbox 232 1784 1403 2357">
     <span class='ocr_line' id='line_1_12' title="bbox 232 1784 1363 1852; baseline 0 -15"><span class='ocrx_word' id='word_1_101' title='bbox 232 1791 305 1839; x_wconf 72' lang='lat' dir='ltr'><strong>‘nium</strong></span> <span class='ocrx_word' id='word_1_102' title='bbox 314 1788 461 1850; x_wconf 86' lang='lat' dir='ltr'><strong>impulit,ut</strong></span> <span class='ocrx_word' id='word_1_103' title='bbox 470 1787 510 1835; x_wconf 87' lang='lat' dir='ltr'><strong>blo</strong></span> <span class='ocrx_word' id='word_1_104' title='bbox 519 1795 545 1835; x_wconf 89' lang='lat' dir='ltr'><strong>et</strong></span> <span class='ocrx_word' id='word_1_105' title='bbox 554 1800 607 1847; x_wconf 90' lang='lat' dir='ltr'><strong>seq.</strong></span> <span class='ocrx_word' id='word_1_106' title='bbox 617 1799 690 1834; x_wconf 79' lang='lat' dir='ltr'><strong>uersu</strong></span> <span class='ocrx_word' id='word_1_107' title='bbox 698 1784 784 1832; x_wconf 86' lang='lat' dir='ltr'><strong>mallet</strong></span> <span class='ocrx_word' id='word_1_108' title='bbox 819 1786 923 1844; x_wconf 81' lang='lat' dir='ltr'><strong>dorfius,</strong></span> <span class='ocrx_word' id='word_1_109' title='bbox 946 1787 989 1836; x_wconf 90' lang='lat' dir='ltr'><strong>ille</strong></span> <span class='ocrx_word' id='word_1_110' title='bbox 1010 1801 1059 1837; x_wconf 91' lang='lat' dir='ltr'><strong>non</strong></span> <span class='ocrx_word' id='word_1_111' title='bbox 1081 1789 1232 1851; x_wconf 77' lang='lat' dir='ltr'><strong>improbante</strong></span> <span class='ocrx_word' id='word_1_112' title='bbox 1257 1789 1363 1852; x_wconf 76' lang='lat' dir='ltr'><strong>lleynio.</strong></span> 
     </span>
     <span class='ocr_line' id='line_1_13' title="bbox 239 1869 1365 1935; baseline 0.002 -14"><span class='ocrx_word' id='word_1_113' title='bbox 239 1869 405 1921; x_wconf 67' lang='grc' dir='ltr'><em>ἐπινίσσεται.</em></span> <span class='ocrx_word' id='word_1_114' title='bbox 441 1871 472 1919; x_wconf 76' lang='lat' dir='ltr'><strong>At</strong></span> <span class='ocrx_word' id='word_1_115' title='bbox 497 1870 523 1919; x_wconf 90' lang='lat' dir='ltr'><strong>in</strong></span> <span class='ocrx_word' id='word_1_116' title='bbox 548 1870 616 1918; x_wconf 91' lang='lat' dir='ltr'><strong>nullo</strong></span> <span class='ocrx_word' id='word_1_117' title='bbox 629 1869 716 1917; x_wconf 82' lang='lat' dir='ltr'><strong>codice</strong></span> <span class='ocrx_word' id='word_1_118' title='bbox 737 1869 784 1917; x_wconf 84' lang='lat' dir='ltr'><strong>hoe</strong></span> <span class='ocrx_word' id='word_1_119' title='bbox 820 1875 973 1922; x_wconf 85' lang='lat' dir='ltr'><strong>Hermannus</strong></span> <span class='ocrx_word' id='word_1_120' title='bbox 990 1876 1017 1922; x_wconf 92' lang='lat' dir='ltr'><strong>in</strong></span> <span class='ocrx_word' id='word_1_121' title='bbox 1033 1875 1106 1925; x_wconf 72' lang='lat' dir='ltr'><strong>Gens·</strong></span> <span class='ocrx_word' id='word_1_122' title='bbox 1125 1875 1216 1925; x_wconf 83' lang='lat' dir='ltr'><strong>Goettl.</strong></span> <span class='ocrx_word' id='word_1_123' title='bbox 1235 1876 1365 1935; x_wconf 78' lang='lat' dir='ltr'><strong>legendum</strong></span> 
     </span>
     <span class='ocr_line' id='line_1_14' title="bbox 239 1953 1366 2022; baseline 0 -14"><span class='ocrx_word' id='word_1_124' title='bbox 239 1966 331 2016; x_wconf 82' lang='lat' dir='ltr'><strong>exstat,</strong></span> <span class='ocrx_word' id='word_1_125' title='bbox 360 1958 531 2019; x_wconf 70' lang='lat' dir='ltr'><strong>vulgaremque</strong></span> <span class='ocrx_word' id='word_1_126' title='bbox 559 1956 688 2006; x_wconf 89' lang='lat' dir='ltr'><strong>lectionem</strong></span> <span class='ocrx_word' id='word_1_127' title='bbox 717 1961 784 2003; x_wconf 87' lang='lat' dir='ltr'><strong>recte</strong></span> <span class='ocrx_word' id='word_1_128' title='bbox 821 1957 855 2006; x_wconf 88' lang='lat' dir='ltr'><strong>ait</strong></span> <span class='ocrx_word' id='word_1_129' title='bbox 872 1958 910 2005; x_wconf 84' lang='lat' dir='ltr'><strong>rel</strong></span> <span class='ocrx_word' id='word_1_130' title='bbox 929 1953 1214 2022; x_wconf 76' lang='grc' dir='ltr'><em>ἰσινίσσεσιιι-σίρίας,</em></span> <span class='ocrx_word' id='word_1_131' title='bbox 1229 1954 1366 2020; x_wconf 65' lang='lat' dir='ltr'><strong>vertum!-</strong></span> 
     </span>
     <span class='ocr_line' id='line_1_15' title="bbox 239 2038 1268 2105; baseline -0.003 -11"><span class='ocrx_word' id='word_1_132' title='bbox 239 2045 343 2094; x_wconf 87' lang='lat' dir='ltr'><strong>Wolfius</strong></span> <span class='ocrx_word' id='word_1_133' title='bbox 360 2044 437 2092; x_wconf 90' lang='lat' dir='ltr'><strong>tuitus</strong></span> <span class='ocrx_word' id='word_1_134' title='bbox 451 2052 498 2093; x_wconf 88' lang='lat' dir='ltr'><strong>cst.</strong></span> <span class='ocrx_word' id='word_1_135' title='bbox 535 2041 596 2091; x_wconf 87' lang='lat' dir='ltr'><strong>Cum</strong></span> <span class='ocrx_word' id='word_1_136' title='bbox 615 2042 680 2090; x_wconf 91' lang='lat' dir='ltr'><strong>enim</strong></span> <span class='ocrx_word' id='word_1_137' title='bbox 693 2041 787 2102; x_wconf 88' lang='lat' dir='ltr'><strong>reperi·</strong></span> <span class='ocrx_word' id='word_1_138' title='bbox 822 2039 1028 2105; x_wconf 71' lang='grc' dir='ltr'><em>σγεσαι-ἰίραις</em></span> <span class='ocrx_word' id='word_1_139' title='bbox 1046 2051 1089 2092; x_wconf 79' lang='lat' dir='ltr'><strong>aut</strong></span> <span class='ocrx_word' id='word_1_140' title='bbox 1104 2038 1171 2105; x_wconf 77' lang='grc' dir='ltr'><em>είριις</em></span> <span class='ocrx_word' id='word_1_141' title='bbox 1186 2039 1211 2100; x_wconf 70' lang='grc' dir='ltr'><strong>ἃς</strong></span> <span class='ocrx_word' id='word_1_142' title='bbox 1228 2040 1268 2092; x_wconf 75' lang='lat' dir='ltr'><strong>at.</strong></span> 
     </span>
     <span class='ocr_line' id='line_1_16' title="bbox 240 2123 1367 2192; baseline -0.004 -12"><span class='ocrx_word' id='word_1_143' title='bbox 240 2140 296 2180; x_wconf 87' lang='lat' dir='ltr'><strong>atur</strong></span> <span class='ocrx_word' id='word_1_144' title='bbox 308 2128 446 2192; x_wconf 71' lang='grc' dir='ltr'><em>μίσγεσθαι</em></span> <span class='ocrx_word' id='word_1_145' title='bbox 457 2127 494 2187; x_wconf 60' lang='lat' dir='ltr'><strong>etc</strong></span> <span class='ocrx_word' id='word_1_146' title='bbox 508 2143 578 2185; x_wconf 77' lang='grc' dir='ltr'><em>τινας</em></span> <span class='ocrx_word' id='word_1_147' title='bbox 592 2127 652 2189; x_wconf 89' lang='lat' dir='ltr'><strong>(vid.</strong></span> <span class='ocrx_word' id='word_1_148' title='bbox 667 2127 739 2176; x_wconf 92' lang='lat' dir='ltr'><strong>llom.</strong></span> <span class='ocrx_word' id='word_1_149' title='bbox 755 2127 787 2174; x_wconf 90' lang='lat' dir='ltr'><strong>ll.</strong></span> <span class='ocrx_word' id='word_1_150' title='bbox 859 2140 895 2175; x_wconf 85' lang='lat' dir='ltr'><strong>vs.</strong></span> <span class='ocrx_word' id='word_1_151' title='bbox 916 2126 977 2176; x_wconf 77' lang='lat'><strong>805.</strong></span> <span class='ocrx_word' id='word_1_152' title='bbox 997 2127 1064 2175; x_wconf 80' lang='grc' dir='ltr'><em>σιῖιν</em></span> <span class='ocrx_word' id='word_1_153' title='bbox 1089 2126 1141 2189; x_wconf 72' lang='grc' dir='ltr'><strong>γαρ</strong></span> <span class='ocrx_word' id='word_1_154' title='bbox 1167 2123 1234 2190; x_wconf 76' lang='grc' dir='ltr'><em>ίρκιν</em></span> <span class='ocrx_word' id='word_1_155' title='bbox 1257 2126 1314 2176; x_wconf 86' lang='lat' dir='ltr'><strong>Par.</strong></span> <span class='ocrx_word' id='word_1_156' title='bbox 1333 2127 1367 2176; x_wconf 84' lang='grc' dir='ltr'><strong>Η.</strong></span> 
     </span>
     <span class='ocr_line' id='line_1_17' title="bbox 242 2205 1403 2279; baseline -0.004 -16"><span class='ocrx_word' id='word_1_157' title='bbox 242 2221 270 2264; x_wconf 86' lang='grc' dir='ltr'><strong>Σ.</strong></span> <span class='ocrx_word' id='word_1_158' title='bbox 290 2215 365 2279; x_wconf 75' lang='lat'><strong>216.)</strong></span> <span class='ocrx_word' id='word_1_159' title='bbox 382 2215 430 2263; x_wconf 88' lang='lat' dir='ltr'><strong>dici</strong></span> <span class='ocrx_word' id='word_1_160' title='bbox 446 2229 542 2276; x_wconf 90' lang='lat' dir='ltr'><strong>quoque</strong></span> <span class='ocrx_word' id='word_1_161' title='bbox 561 2221 640 2275; x_wconf 82' lang='lat' dir='ltr'><strong>potuit</strong></span> <span class='ocrx_word' id='word_1_162' title='bbox 654 2207 789 2273; x_wconf 73' lang='grc' dir='ltr'><em>ἑσιμίσγε-</em></span> <span class='ocrx_word' id='word_1_163' title='bbox 824 2205 964 2273; x_wconf 71' lang='grc' dir='ltr'><em>σοίσνίρνιν</em></span> <span class='ocrx_word' id='word_1_164' title='bbox 977 2208 1111 2260; x_wconf 77' lang='grc' dir='ltr'><em>ίεσῖΤαιιε.</em></span> <span class='ocrx_word' id='word_1_165' title='bbox 1147 2207 1244 2273; x_wconf 74' lang='grc' dir='ltr'><em>Σσνγδς</em></span> <span class='ocrx_word' id='word_1_166' title='bbox 1252 2211 1368 2260; x_wconf 88' lang='lat' dir='ltr'><strong>omissum</strong></span> <span class='ocrx_word' id='word_1_167' title='bbox 1394 2213 1403 2218; x_wconf 89' lang='grc'><strong>“</strong></span> 
     </span>
     <span class='ocr_line' id='line_1_18' title="bbox 243 2296 1206 2357; baseline -0.004 -8"><span class='ocrx_word' id='word_1_168' title='bbox 243 2298 300 2350; x_wconf 74' lang='grc' dir='ltr'><em>σθαι</em></span> <span class='ocrx_word' id='word_1_169' title='bbox 313 2296 349 2357; x_wconf 59' lang='lat' dir='ltr'><strong>tte</strong></span> <span class='ocrx_word' id='word_1_170' title='bbox 365 2315 446 2357; x_wconf 75' lang='grc' dir='ltr'><em>τινας.</em></span> <span class='ocrx_word' id='word_1_171' title='bbox 825 2297 851 2345; x_wconf 90' lang='lat' dir='ltr'><strong>in</strong></span> <span class='ocrx_word' id='word_1_172' title='bbox 868 2298 925 2347; x_wconf 83' lang='lat' dir='ltr'><strong>Vnt.</strong></span> <span class='ocrx_word' id='word_1_173' title='bbox 1204 2341 1206 2346; x_wconf 24' lang='lat'><strong>⁴</strong></span> 
     </span>
    </p>

    <p class='ocr_par' dir='ltr' id='par_1_7' title="bbox 281 2380 1370 2446">
     <span class='ocr_line' id='line_1_19' title="bbox 281 2380 1370 2446; baseline -0.003 -12"><span class='ocrx_word' id='word_1_174' title='bbox 281 2402 316 2434; x_wconf 86' lang='lat' dir='ltr'><strong>rs.</strong></span> <span class='ocrx_word' id='word_1_175' title='bbox 338 2387 400 2434; x_wconf 75' lang='lat'><strong>803.</strong></span> <span class='ocrx_word' id='word_1_176' title='bbox 420 2381 586 2446; x_wconf 77' lang='grc' dir='ltr'><em>ἓσισμίγεσαι</em></span> <span class='ocrx_word' id='word_1_177' title='bbox 597 2384 653 2432; x_wconf 86' lang='lat' dir='ltr'><strong>Vat.</strong></span> <span class='ocrx_word' id='word_1_178' title='bbox 861 2398 897 2432; x_wconf 83' lang='lat' dir='ltr'><strong>vs.</strong></span> <span class='ocrx_word' id='word_1_179' title='bbox 918 2384 979 2432; x_wconf 87' lang='grc'><strong>806.</strong></span> <span class='ocrx_word' id='word_1_180' title='bbox 997 2383 1029 2432; x_wconf 64' lang='lat' dir='ltr'><strong>‘ri</strong></span> <span class='ocrx_word' id='word_1_181' title='bbox 1046 2380 1068 2432; x_wconf 75' lang='grc' dir='ltr'><strong>δ’</strong></span> <span class='ocrx_word' id='word_1_182' title='bbox 1083 2380 1138 2441; x_wconf 71' lang='grc' dir='ltr'><em>’ίιγσι</em></span> <span class='ocrx_word' id='word_1_183' title='bbox 1153 2384 1209 2433; x_wconf 78' lang='lat' dir='ltr'><strong>Alo.</strong></span> <span class='ocrx_word' id='word_1_184' title='bbox 1227 2384 1284 2432; x_wconf 86' lang='lat' dir='ltr'><strong>Bas.</strong></span> <span class='ocrx_word' id='word_1_185' title='bbox 1303 2383 1370 2432; x_wconf 90' lang='lat' dir='ltr'><strong>lunt.</strong></span> 
     </span>
    </p>

    <p class='ocr_par' dir='ltr' id='par_1_8' title="bbox 170 2463 1430 4321">
     <span class='ocr_line' id='line_1_20' title="bbox 280 2463 1371 2532; baseline -0.005 -12"><span class='ocrx_word' id='word_1_186' title='bbox 280 2486 317 2521; x_wconf 85' lang='lat' dir='ltr'><strong>vs.</strong></span> <span class='ocrx_word' id='word_1_187' title='bbox 338 2472 399 2520; x_wconf 77' lang='lat'><strong>804.</strong></span> <span class='ocrx_word' id='word_1_188' title='bbox 419 2469 517 2532; x_wconf 79' lang='grc' dir='ltr'><em>είρείαις</em></span> <span class='ocrx_word' id='word_1_189' title='bbox 542 2470 711 2531; x_wconf 79' lang='lat' dir='ltr'><strong>corrigendum</strong></span> <span class='ocrx_word' id='word_1_190' title='bbox 731 2469 791 2517; x_wconf 86' lang='lat' dir='ltr'><strong>dixit</strong></span> <span class='ocrx_word' id='word_1_191' title='bbox 828 2467 985 2516; x_wconf 72' lang='lat' dir='ltr'><strong>1.2.Trinc.</strong></span> <span class='ocrx_word' id='word_1_192' title='bbox 1021 2463 1371 2529; x_wconf 66' lang='lat' dir='ltr'><strong>ett’tamsteph.commel.</strong></span> 
     </span>
     <span class='ocr_line' id='line_1_21' title="bbox 247 2546 1372 2620; baseline -0.006 -13"><span class='ocrx_word' id='word_1_193' title='bbox 247 2559 363 2620; x_wconf 74' lang='lat' dir='ltr'><strong>Gupetus.</strong></span> <span class='ocrx_word' id='word_1_194' title='bbox 400 2558 440 2607; x_wconf 84' lang='lat' dir='ltr'><strong>Sic</strong></span> <span class='ocrx_word' id='word_1_195' title='bbox 455 2565 523 2606; x_wconf 87' lang='lat' dir='ltr'><strong>certe</strong></span> <span class='ocrx_word' id='word_1_196' title='bbox 539 2556 655 2616; x_wconf 89' lang='lat' dir='ltr'><strong>scriptum</strong></span> <span class='ocrx_word' id='word_1_197' title='bbox 673 2555 697 2603; x_wconf 91' lang='lat' dir='ltr'><strong>in</strong></span> <span class='ocrx_word' id='word_1_198' title='bbox 715 2569 792 2604; x_wconf 89' lang='lat' dir='ltr'><strong>anno·</strong></span> <span class='ocrx_word' id='word_1_199' title='bbox 827 2552 913 2600; x_wconf 83' lang='lat' dir='ltr'><strong>licius.</strong></span> <span class='ocrx_word' id='word_1_200' title='bbox 924 2551 1031 2600; x_wconf 87' lang='lat' dir='ltr'><strong>Schmid.</strong></span> <span class='ocrx_word' id='word_1_201' title='bbox 1047 2553 1151 2600; x_wconf 81' lang='lat' dir='ltr'><strong>Rursum</strong></span> <span class='ocrx_word' id='word_1_202' title='bbox 1163 2551 1195 2601; x_wconf 75' lang='grc' dir='ltr'><strong>τὸ</strong></span> <span class='ocrx_word' id='word_1_203' title='bbox 1204 2546 1287 2608; x_wconf 75' lang='grc' dir='ltr'><em>δ”ίνσι</em></span> <span class='ocrx_word' id='word_1_204' title='bbox 1297 2551 1372 2601; x_wconf 87' lang='lat' dir='ltr'><strong>Grae·</strong></span> 
     </span>
     <span class='ocr_line' id='line_1_22' title="bbox 246 2636 1372 2703; baseline -0.006 -11"><span class='ocrx_word' id='word_1_205' title='bbox 246 2645 350 2693; x_wconf 82' lang='lat' dir='ltr'><strong>tatione.</strong></span> <span class='ocrx_word' id='word_1_206' title='bbox 388 2641 435 2690; x_wconf 85' lang='lat' dir='ltr'><strong>Sed</strong></span> <span class='ocrx_word' id='word_1_207' title='bbox 456 2641 542 2698; x_wconf 81' lang='lat' dir='ltr'><strong>voluit,</strong></span> <span class='ocrx_word' id='word_1_208' title='bbox 559 2642 585 2689; x_wconf 90' lang='lat' dir='ltr'><strong>nl</strong></span> <span class='ocrx_word' id='word_1_209' title='bbox 603 2639 683 2697; x_wconf 82' lang='lat' dir='ltr'><strong>tollor,</strong></span> <span class='ocrx_word' id='word_1_210' title='bbox 702 2636 793 2703; x_wconf 76' lang='grc' dir='ltr'><em>είρέαις</em></span> <span class='ocrx_word' id='word_1_211' title='bbox 827 2639 881 2686; x_wconf 83' lang='lat' dir='ltr'><strong>vius</strong></span> <span class='ocrx_word' id='word_1_212' title='bbox 894 2647 918 2687; x_wconf 91' lang='lat' dir='ltr'><strong>et</strong></span> <span class='ocrx_word' id='word_1_213' title='bbox 933 2639 987 2687; x_wconf 89' lang='lat' dir='ltr'><strong>hinc</strong></span> <span class='ocrx_word' id='word_1_214' title='bbox 1001 2640 1063 2687; x_wconf 82' lang='lat' dir='ltr'><strong>Edd.</strong></span> <span class='ocrx_word' id='word_1_215' title='bbox 1074 2653 1151 2700; x_wconf 89' lang='lat' dir='ltr'><strong>usque</strong></span> <span class='ocrx_word' id='word_1_216' title='bbox 1161 2639 1193 2687; x_wconf 87' lang='lat' dir='ltr'><strong>ad</strong></span> <span class='ocrx_word' id='word_1_217' title='bbox 1202 2638 1372 2687; x_wconf 83' lang='lat' dir='ltr'><strong>Gaislordium.</strong></span> 
     </span>
     <span class='ocr_line' id='line_1_23' title="bbox 170 2723 1374 2787; baseline -0.002 -11"><span class='ocrx_word' id='word_1_218' title='bbox 170 2755 179 2766; x_wconf 82' lang='lat'><strong>·</strong></span> <span class='ocrx_word' id='word_1_219' title='bbox 248 2729 287 2777; x_wconf 87' lang='lat' dir='ltr'><strong>vel</strong></span> <span class='ocrx_word' id='word_1_220' title='bbox 305 2723 391 2787; x_wconf 72' lang='grc' dir='ltr'><em>ίίραις,</em></span> <span class='ocrx_word' id='word_1_221' title='bbox 408 2734 436 2774; x_wconf 89' lang='lat' dir='ltr'><strong>ut</strong></span> <span class='ocrx_word' id='word_1_222' title='bbox 451 2734 535 2787; x_wconf 89' lang='lat' dir='ltr'><strong>postea</strong></span> <span class='ocrx_word' id='word_1_223' title='bbox 551 2724 721 2785; x_wconf 77' lang='lat' dir='ltr'><strong>corrigendum</strong></span> <span class='ocrx_word' id='word_1_224' title='bbox 735 2738 793 2772; x_wconf 89' lang='lat' dir='ltr'><strong>cen·</strong></span> <span class='ocrx_word' id='word_1_225' title='bbox 829 2725 974 2781; x_wconf 84' lang='lat' dir='ltr'><strong>ld,aBasil.</strong></span> <span class='ocrx_word' id='word_1_226' title='bbox 987 2734 1013 2773; x_wconf 88' lang='lat' dir='ltr'><strong>et</strong></span> <span class='ocrx_word' id='word_1_227' title='bbox 1022 2726 1087 2774; x_wconf 89' lang='lat' dir='ltr'><strong>hunc</strong></span> <span class='ocrx_word' id='word_1_228' title='bbox 1101 2725 1190 2774; x_wconf 90' lang='lat' dir='ltr'><strong>secutis</strong></span> <span class='ocrx_word' id='word_1_229' title='bbox 1200 2725 1374 2786; x_wconf 82' lang='lat' dir='ltr'><strong>interpretibus</strong></span> 
     </span>
     <span class='ocr_line' id='line_1_24' title="bbox 182 2805 1374 2880; baseline -0.005 -16"><span class='ocrx_word' id='word_1_230' title='bbox 182 2875 185 2880; x_wconf 29' lang='grc' dir='ltr'>Ι</span> <span class='ocrx_word' id='word_1_231' title='bbox 248 2814 297 2864; x_wconf 87' lang='lat' dir='ltr'><strong>suit</strong></span> <span class='ocrx_word' id='word_1_232' title='bbox 312 2811 472 2862; x_wconf 79' lang='lat' dir='ltr'><strong>Ruhnkenius</strong></span> <span class='ocrx_word' id='word_1_233' title='bbox 484 2811 531 2873; x_wconf 83' lang='lat' dir='ltr'><strong>Ep.</strong></span> <span class='ocrx_word' id='word_1_234' title='bbox 545 2811 588 2858; x_wconf 81' lang='lat' dir='ltr'><strong>Cr.</strong></span> <span class='ocrx_word' id='word_1_235' title='bbox 599 2811 619 2858; x_wconf 92' lang='lat' dir='ltr'><strong>l.</strong></span> <span class='ocrx_word' id='word_1_236' title='bbox 636 2823 728 2871; x_wconf 73' lang='lat' dir='ltr'><strong>negans</strong></span> <span class='ocrx_word' id='word_1_237' title='bbox 741 2805 794 2857; x_wconf 78' lang='grc' dir='ltr'><em>ἔπι·</em></span> <span class='ocrx_word' id='word_1_238' title='bbox 829 2809 914 2858; x_wconf 88' lang='lat' dir='ltr'><strong>Latine</strong></span> <span class='ocrx_word' id='word_1_239' title='bbox 926 2810 1048 2858; x_wconf 88' lang='lat' dir='ltr'><strong>redditum</strong></span> <span class='ocrx_word' id='word_1_240' title='bbox 1060 2818 1148 2867; x_wconf 78' lang='lat' dir='ltr'><strong>tranat,</strong></span> <span class='ocrx_word' id='word_1_241' title='bbox 1161 2810 1191 2856; x_wconf 83' lang='lat' dir='ltr'><strong>L.</strong></span> <span class='ocrx_word' id='word_1_242' title='bbox 1204 2809 1319 2857; x_wconf 85' lang='lat' dir='ltr'><strong>Barlaeus</strong></span> <span class='ocrx_word' id='word_1_243' title='bbox 1331 2823 1374 2858; x_wconf 81' lang='lat' dir='ltr'><strong>ex·</strong></span> 
     </span>
     <span class='ocr_line' id='line_1_25' title="bbox 249 2890 1374 2961; baseline -0.002 -15"><span class='ocrx_word' id='word_1_244' title='bbox 249 2895 386 2961; x_wconf 78' lang='grc' dir='ltr'><em>μίσγεσθαι</em></span> <span class='ocrx_word' id='word_1_245' title='bbox 396 2897 442 2945; x_wconf 90' lang='lat' dir='ltr'><strong>nisr</strong></span> <span class='ocrx_word' id='word_1_246' title='bbox 451 2894 628 2958; x_wconf 76' lang='lat' dir='ltr'><strong>praepositione</strong></span> <span class='ocrx_word' id='word_1_247' title='bbox 643 2894 795 2942; x_wconf 89' lang='lat' dir='ltr'><strong>interceden·</strong></span> <span class='ocrx_word' id='word_1_248' title='bbox 829 2896 908 2957; x_wconf 86' lang='lat' dir='ltr'><strong>posuit</strong></span> <span class='ocrx_word' id='word_1_249' title='bbox 917 2890 1060 2958; x_wconf 76' lang='grc' dir='ltr'><em>σσρείεσαι,</em></span> <span class='ocrx_word' id='word_1_250' title='bbox 1071 2894 1195 2958; x_wconf 62' lang='lat' dir='ltr'><strong>malici.</strong></span> <span class='ocrx_word' id='word_1_251' title='bbox 1206 2895 1313 2959; x_wconf 77' lang='lat' dir='ltr'><strong>Guyetus</strong></span> <span class='ocrx_word' id='word_1_252' title='bbox 1320 2909 1374 2944; x_wconf 85' lang='lat' dir='ltr'><strong>uor-</strong></span> 
     </span>
     <span class='ocr_line' id='line_1_26' title="bbox 210 2969 1374 3043; baseline -0.003 -9"><span class='ocrx_word' id='word_1_253' title='bbox 210 2969 212 2980; x_wconf 57' lang='grc'>’</span> <span class='ocrx_word' id='word_1_254' title='bbox 249 2979 275 3034; x_wconf 76' lang='lat' dir='ltr'><strong>te</strong></span> <span class='ocrx_word' id='word_1_255' title='bbox 300 2997 356 3033; x_wconf 90' lang='lat' dir='ltr'><strong>cum</strong></span> <span class='ocrx_word' id='word_1_256' title='bbox 381 2996 434 3031; x_wconf 84' lang='lat' dir='ltr'><strong>acc.</strong></span> <span class='ocrx_word' id='word_1_257' title='bbox 460 2979 564 3029; x_wconf 88' lang='lat' dir='ltr'><strong>nominis</strong></span> <span class='ocrx_word' id='word_1_258' title='bbox 587 2992 657 3041; x_wconf 86' lang='lat' dir='ltr'><strong>posse</strong></span> <span class='ocrx_word' id='word_1_259' title='bbox 675 2979 794 3027; x_wconf 70' lang='lat' dir='ltr'><strong>construi·</strong></span> <span class='ocrx_word' id='word_1_260' title='bbox 829 2980 957 3040; x_wconf 76' lang='lat' dir='ltr'><strong>rigentium</strong></span> <span class='ocrx_word' id='word_1_261' title='bbox 973 2981 1077 3029; x_wconf 84' lang='lat' dir='ltr'><strong>duxerat</strong></span> <span class='ocrx_word' id='word_1_262' title='bbox 1094 2978 1125 3029; x_wconf 78' lang='grc' dir='ltr'><strong>τὸ</strong></span> <span class='ocrx_word' id='word_1_263' title='bbox 1143 2977 1226 3030; x_wconf 81' lang='grc' dir='ltr'><em>δίεισι.</em></span> <span class='ocrx_word' id='word_1_264' title='bbox 1258 2980 1374 3043; x_wconf 83' lang='lat' dir='ltr'><strong>Stephani</strong></span> 
     </span>
     <span class='ocr_line' id='line_1_27' title="bbox 252 3062 1376 3131; baseline 0.001 -15"><span class='ocrx_word' id='word_1_265' title='bbox 252 3069 369 3129; x_wconf 82' lang='lat' dir='ltr'><strong>Equidem</strong></span> <span class='ocrx_word' id='word_1_266' title='bbox 394 3067 424 3115; x_wconf 91' lang='lat' dir='ltr'><strong>ad</strong></span> <span class='ocrx_word' id='word_1_267' title='bbox 443 3064 622 3113; x_wconf 83' lang='lat' dir='ltr'><strong>defendendum</strong></span> <span class='ocrx_word' id='word_1_268' title='bbox 642 3062 682 3112; x_wconf 83' lang='lat' dir='ltr'><strong>htc</strong></span> <span class='ocrx_word' id='word_1_269' title='bbox 697 3077 796 3113; x_wconf 88' lang='lat' dir='ltr'><strong>accusa·</strong></span> <span class='ocrx_word' id='word_1_270' title='bbox 831 3066 960 3124; x_wconf 73' lang='lat' dir='ltr'><strong>lectionem</strong></span> <span class='ocrx_word' id='word_1_271' title='bbox 985 3067 1091 3115; x_wconf 89' lang='lat' dir='ltr'><strong>restituit</strong></span> <span class='ocrx_word' id='word_1_272' title='bbox 1115 3067 1274 3125; x_wconf 87' lang='lat' dir='ltr'><strong>Gaislordius,</strong></span> <span class='ocrx_word' id='word_1_273' title='bbox 1300 3083 1376 3131; x_wconf 89' lang='lat' dir='ltr'><strong>quem</strong></span> 
     </span>
     <span class='ocr_line' id='line_1_28' title="bbox 252 3148 1430 3201; baseline 0.002 -2"><span class='ocrx_word' id='word_1_274' title='bbox 252 3153 328 3201; x_wconf 87' lang='lat' dir='ltr'><strong>tirum</strong></span> <span class='ocrx_word' id='word_1_275' title='bbox 355 3164 404 3199; x_wconf 88' lang='lat' dir='ltr'><strong>non</strong></span> <span class='ocrx_word' id='word_1_276' title='bbox 434 3157 489 3198; x_wconf 90' lang='lat' dir='ltr'><strong>utar</strong></span> <span class='ocrx_word' id='word_1_277' title='bbox 516 3162 572 3197; x_wconf 89' lang='lat' dir='ltr'><strong>cum</strong></span> <span class='ocrx_word' id='word_1_278' title='bbox 594 3148 750 3196; x_wconf 83' lang='lat' dir='ltr'><strong>Boissouadio</strong></span> <span class='ocrx_word' id='word_1_279' title='bbox 772 3157 797 3197; x_wconf 87' lang='lat' dir='ltr'><strong>ot</strong></span> <span class='ocrx_word' id='word_1_280' title='bbox 832 3157 930 3199; x_wconf 90' lang='lat' dir='ltr'><strong>secutus</strong></span> <span class='ocrx_word' id='word_1_281' title='bbox 951 3159 988 3199; x_wconf 91' lang='lat' dir='ltr'><strong>est</strong></span> <span class='ocrx_word' id='word_1_282' title='bbox 1012 3152 1191 3201; x_wconf 81' lang='lat' dir='ltr'><strong>Bolssouudius.</strong></span> <span class='ocrx_word' id='word_1_283' title='bbox 1227 3153 1323 3201; x_wconf 80' lang='lat' dir='ltr'><strong>Habent</strong></span> <span class='ocrx_word' id='word_1_284' title='bbox 1342 3153 1378 3201; x_wconf 89' lang='lat' dir='ltr'><strong>sic</strong></span> <span class='ocrx_word' id='word_1_285' title='bbox 1425 3163 1430 3172; x_wconf 86' lang='lat'><strong>·</strong></span> 
     </span>
     <span class='ocr_line' id='line_1_29' title="bbox 253 3231 1376 3296; baseline 0.004 -13"><span class='ocrx_word' id='word_1_286' title='bbox 253 3234 399 3294; x_wconf 76' lang='lat' dir='ltr'><strong>Goetllingio</strong></span> <span class='ocrx_word' id='word_1_287' title='bbox 412 3246 484 3281; x_wconf 84' lang='lat' dir='ltr'><strong>versu</strong></span> <span class='ocrx_word' id='word_1_288' title='bbox 497 3231 636 3279; x_wconf 78' lang='lat' dir='ltr'><strong>Callimachi</strong></span> <span class='ocrx_word' id='word_1_289' title='bbox 652 3232 685 3279; x_wconf 90' lang='lat' dir='ltr'><strong>ll.</strong></span> <span class='ocrx_word' id='word_1_290' title='bbox 702 3232 727 3280; x_wconf 90' lang='lat' dir='ltr'><strong>iu</strong></span> <span class='ocrx_word' id='word_1_291' title='bbox 743 3232 796 3283; x_wconf 73' lang='lat' dir='ltr'><strong>lov·</strong></span> <span class='ocrx_word' id='word_1_292' title='bbox 833 3236 908 3285; x_wconf 86' lang='lat' dir='ltr'><strong>Codd.</strong></span> <span class='ocrx_word' id='word_1_293' title='bbox 927 3237 1160 3296; x_wconf 88' lang='lat' dir='ltr'><strong>Florentiuiomnes‚</strong></span> <span class='ocrx_word' id='word_1_294' title='bbox 1179 3238 1246 3288; x_wconf 86' lang='lat' dir='ltr'><strong>bled.</strong></span> <span class='ocrx_word' id='word_1_295' title='bbox 1262 3239 1376 3288; x_wconf 83' lang='lat' dir='ltr'><strong>ctllebd.</strong></span> 
     </span>
     <span class='ocr_line' id='line_1_30' title="bbox 256 3312 1380 3380; baseline 0.006 -12"><span class='ocrx_word' id='word_1_296' title='bbox 256 3322 300 3368; x_wconf 77' lang='lat'><strong>13.</strong></span> <span class='ocrx_word' id='word_1_297' title='bbox 319 3332 376 3368; x_wconf 91' lang='lat' dir='ltr'><strong>cum</strong></span> <span class='ocrx_word' id='word_1_298' title='bbox 394 3318 428 3366; x_wconf 91' lang='lat' dir='ltr'><strong>ibi</strong></span> <span class='ocrx_word' id='word_1_299' title='bbox 446 3332 492 3380; x_wconf 85' lang='lat' dir='ltr'><strong>pro</strong></span> <span class='ocrx_word' id='word_1_300' title='bbox 513 3312 681 3379; x_wconf 70' lang='grc' dir='ltr'><em>ἐπιμίσγεται</em></span> <span class='ocrx_word' id='word_1_301' title='bbox 699 3319 799 3379; x_wconf 86' lang='lat' dir='ltr'><strong>quidam</strong></span> <span class='ocrx_word' id='word_1_302' title='bbox 834 3323 923 3372; x_wconf 86' lang='lat' dir='ltr'><strong>Contra</strong></span> <span class='ocrx_word' id='word_1_303' title='bbox 931 3316 990 3370; x_wconf 64' lang='lat' dir='ltr'><strong>rto·</strong></span> <span class='ocrx_word' id='word_1_304' title='bbox 1002 3318 1056 3379; x_wconf 76' lang='grc' dir='ltr'><em>’ίνσι</em></span> <span class='ocrx_word' id='word_1_305' title='bbox 1068 3321 1145 3372; x_wconf 80' lang='lat' dir='ltr'><strong>ferme</strong></span> <span class='ocrx_word' id='word_1_306' title='bbox 1159 3325 1268 3373; x_wconf 83' lang='lat' dir='ltr'><strong>Parisini.</strong></span> <span class='ocrx_word' id='word_1_307' title='bbox 1306 3326 1380 3375; x_wconf 78' lang='lat' dir='ltr'><strong>Oerte</strong></span> 
     </span>
     <span class='ocr_line' id='line_1_31' title="bbox 183 3396 1381 3474; baseline 0.01 -24"><span class='ocrx_word' id='word_1_308' title='bbox 183 3427 186 3434; x_wconf 87' lang='lat'>.</span> <span class='ocrx_word' id='word_1_309' title='bbox 255 3402 331 3451; x_wconf 81' lang='lat' dir='ltr'><strong>codd.</strong></span> <span class='ocrx_word' id='word_1_310' title='bbox 349 3403 454 3450; x_wconf 81' lang='lat' dir='ltr'><strong>habeant</strong></span> <span class='ocrx_word' id='word_1_311' title='bbox 468 3396 626 3449; x_wconf 82' lang='grc' dir='ltr'><em>ὶσινίσσνσνιι</em></span> <span class='ocrx_word' id='word_1_312' title='bbox 634 3434 642 3459; x_wconf 85' lang='grc'><strong><em>,</em></strong></span> <span class='ocrx_word' id='word_1_313' title='bbox 662 3402 706 3450; x_wconf 76' lang='lat' dir='ltr'><strong>sed</strong></span> <span class='ocrx_word' id='word_1_314' title='bbox 718 3404 800 3465; x_wconf 90' lang='lat' dir='ltr'><strong>potius</strong></span> <span class='ocrx_word' id='word_1_315' title='bbox 836 3409 860 3456; x_wconf 86' lang='lat' dir='ltr'><strong>in</strong></span> <span class='ocrx_word' id='word_1_316' title='bbox 875 3409 1006 3457; x_wconf 86' lang='lat' dir='ltr'><strong>collatione</strong></span> <span class='ocrx_word' id='word_1_317' title='bbox 1021 3409 1053 3457; x_wconf 86' lang='lat' dir='ltr'><strong>ad</strong></span> <span class='ocrx_word' id='word_1_318' title='bbox 1068 3410 1272 3470; x_wconf 84' lang='lat' dir='ltr'><strong>Loesnerianam,</strong></span> <span class='ocrx_word' id='word_1_319' title='bbox 1288 3413 1315 3460; x_wconf 94' lang='lat' dir='ltr'><strong>in</strong></span> <span class='ocrx_word' id='word_1_320' title='bbox 1329 3427 1381 3474; x_wconf 87' lang='lat' dir='ltr'><strong>qua</strong></span> 
     </span>
     <span class='ocr_line' id='line_1_32' title="bbox 255 3485 1380 3555; baseline 0.008 -17"><span class='ocrx_word' id='word_1_321' title='bbox 255 3502 312 3538; x_wconf 91' lang='lat' dir='ltr'><strong>cum</strong></span> <span class='ocrx_word' id='word_1_322' title='bbox 327 3488 421 3550; x_wconf 76' lang='lat' dir='ltr'><strong>lleynio</strong></span> <span class='ocrx_word' id='word_1_323' title='bbox 438 3487 530 3543; x_wconf 86' lang='lat' dir='ltr'><strong>dicam,</strong></span> <span class='ocrx_word' id='word_1_324' title='bbox 549 3485 621 3535; x_wconf 83' lang='lat' dir='ltr'><strong>facile</strong></span> <span class='ocrx_word' id='word_1_325' title='bbox 639 3487 679 3534; x_wconf 86' lang='lat' dir='ltr'><strong>blo</strong></span> <span class='ocrx_word' id='word_1_326' title='bbox 697 3488 801 3550; x_wconf 77' lang='lat' dir='ltr'><strong>intelllgi</strong></span> <span class='ocrx_word' id='word_1_327' title='bbox 836 3492 871 3542; x_wconf 88' lang='lat' dir='ltr'><strong>sic</strong></span> <span class='ocrx_word' id='word_1_328' title='bbox 886 3492 978 3540; x_wconf 89' lang='lat' dir='ltr'><strong>editum</strong></span> <span class='ocrx_word' id='word_1_329' title='bbox 993 3501 1045 3550; x_wconf 87' lang='lat' dir='ltr'><strong>est,</strong></span> <span class='ocrx_word' id='word_1_330' title='bbox 1070 3494 1227 3555; x_wconf 77' lang='lat' dir='ltr'><strong>miditatem,</strong></span> <span class='ocrx_word' id='word_1_331' title='bbox 1251 3497 1380 3547; x_wconf 81' lang='lat' dir='ltr'><strong>discrimen</strong></span> 
     </span>
     <span class='ocr_line' id='line_1_33' title="bbox 256 3573 1381 3639; baseline 0.01 -17"><span class='ocrx_word' id='word_1_332' title='bbox 256 3589 326 3639; x_wconf 82' lang='lat' dir='ltr'><strong>posse</strong></span> <span class='ocrx_word' id='word_1_333' title='bbox 347 3574 548 3637; x_wconf 85' lang='lat' dir='ltr'><strong>praepositionem</strong></span> <span class='ocrx_word' id='word_1_334' title='bbox 576 3573 607 3621; x_wconf 93' lang='lat' dir='ltr'><strong>ob</strong></span> <span class='ocrx_word' id='word_1_335' title='bbox 629 3573 802 3633; x_wconf 79' lang='lat' dir='ltr'><strong>praecedentia</strong></span> <span class='ocrx_word' id='word_1_336' title='bbox 837 3586 962 3626; x_wconf 88' lang='lat' dir='ltr'><strong>enotatum</strong></span> <span class='ocrx_word' id='word_1_337' title='bbox 975 3593 1024 3628; x_wconf 90' lang='lat' dir='ltr'><strong>non</strong></span> <span class='ocrx_word' id='word_1_338' title='bbox 1038 3579 1128 3630; x_wconf 84' lang='lat' dir='ltr'><strong>inveni.</strong></span> <span class='ocrx_word' id='word_1_339' title='bbox 1165 3580 1199 3629; x_wconf 78' lang='grc' dir='ltr'><em>σί</em></span> <span class='ocrx_word' id='word_1_340' title='bbox 1212 3579 1233 3630; x_wconf 77' lang='grc' dir='ltr'><strong>ί·</strong></span> <span class='ocrx_word' id='word_1_341' title='bbox 1247 3581 1381 3639; x_wconf 69' lang='grc' dir='ltr'><em>ἵνσιοὴία·</em></span> 
     </span>
     <span class='ocr_line' id='line_1_34' title="bbox 257 3657 1382 3727; baseline 0.004 -16"><span class='ocrx_word' id='word_1_342' title='bbox 257 3677 282 3710; x_wconf 84' lang='grc' dir='ltr'><strong>ν.</strong></span> <span class='ocrx_word' id='word_1_343' title='bbox 299 3662 362 3711; x_wconf 68' lang='lat'><strong>802.</strong></span> <span class='ocrx_word' id='word_1_344' title='bbox 399 3660 471 3709; x_wconf 79' lang='lat' dir='ltr'><strong>Certe</strong></span> <span class='ocrx_word' id='word_1_345' title='bbox 487 3673 535 3710; x_wconf 93' lang='lat' dir='ltr'><strong>nou</strong></span> <span class='ocrx_word' id='word_1_346' title='bbox 550 3657 728 3707; x_wconf 89' lang='lat' dir='ltr'><strong>sollicitandum</strong></span> <span class='ocrx_word' id='word_1_347' title='bbox 743 3667 802 3721; x_wconf 90' lang='lat' dir='ltr'><strong>puto</strong></span> <span class='ocrx_word' id='word_1_348' title='bbox 837 3670 890 3711; x_wconf 89' lang='lat' dir='ltr'><strong>tum</strong></span> <span class='ocrx_word' id='word_1_349' title='bbox 906 3676 922 3709; x_wconf 87' lang='lat' dir='ltr'><strong>a</strong></span> <span class='ocrx_word' id='word_1_350' title='bbox 941 3663 1002 3711; x_wconf 84' lang='lat' dir='ltr'><strong>Ven.</strong></span> <span class='ocrx_word' id='word_1_351' title='bbox 1022 3664 1078 3712; x_wconf 87' lang='lat' dir='ltr'><strong>llat.</strong></span> <span class='ocrx_word' id='word_1_352' title='bbox 1090 3665 1175 3727; x_wconf 73' lang='lat' dir='ltr'><strong>¹lleop.</strong></span> <span class='ocrx_word' id='word_1_353' title='bbox 1194 3664 1382 3727; x_wconf 82' lang='lat' dir='ltr'><strong>praeferendum</strong></span> 
     </span>
     <span class='ocr_line' id='line_1_35' title="bbox 255 3741 1383 3807; baseline 0.004 -13"><span class='ocrx_word' id='word_1_354' title='bbox 255 3741 348 3807; x_wconf 64' lang='lat' dir='ltr'><strong>atltae,</strong></span> <span class='ocrx_word' id='word_1_355' title='bbox 361 3744 427 3807; x_wconf 81' lang='lat' dir='ltr'><strong>quod</strong></span> <span class='ocrx_word' id='word_1_356' title='bbox 440 3758 525 3793; x_wconf 90' lang='lat' dir='ltr'><strong>omnes</strong></span> <span class='ocrx_word' id='word_1_357' title='bbox 535 3745 563 3793; x_wconf 88' lang='lat' dir='ltr'><strong>h.</strong></span> <span class='ocrx_word' id='word_1_358' title='bbox 573 3744 593 3791; x_wconf 85' lang='lat' dir='ltr'><strong>l.</strong></span> <span class='ocrx_word' id='word_1_359' title='bbox 602 3742 678 3791; x_wconf 82' lang='lat' dir='ltr'><strong>Codd.</strong></span> <span class='ocrx_word' id='word_1_360' title='bbox 691 3751 816 3802; x_wconf 82' lang='lat' dir='ltr'><strong>tuentur,‘</strong></span> <span class='ocrx_word' id='word_1_361' title='bbox 838 3746 896 3796; x_wconf 90' lang='lat' dir='ltr'><strong>mihi</strong></span> <span class='ocrx_word' id='word_1_362' title='bbox 911 3747 989 3797; x_wconf 67' lang='lat' dir='ltr'><strong>vuum</strong></span> <span class='ocrx_word' id='word_1_363' title='bbox 1002 3756 1039 3796; x_wconf 87' lang='lat' dir='ltr'><strong>est</strong></span> <span class='ocrx_word' id='word_1_364' title='bbox 1054 3762 1110 3797; x_wconf 90' lang='lat' dir='ltr'><strong>cum</strong></span> <span class='ocrx_word' id='word_1_365' title='bbox 1120 3749 1246 3806; x_wconf 81' lang='lat' dir='ltr'><strong>llindorfio</strong></span> <span class='ocrx_word' id='word_1_366' title='bbox 1256 3760 1283 3799; x_wconf 87' lang='lat' dir='ltr'><strong>et</strong></span> <span class='ocrx_word' id='word_1_367' title='bbox 1299 3751 1383 3800; x_wconf 86' lang='lat' dir='ltr'><strong>Goett·</strong></span> 
     </span>
     <span class='ocr_line' id='line_1_36' title="bbox 258 3827 1381 3895; baseline 0.007 -19"><span class='ocrx_word' id='word_1_368' title='bbox 258 3830 359 3891; x_wconf 85' lang='lat' dir='ltr'><strong>ipsaque</strong></span> <span class='ocrx_word' id='word_1_369' title='bbox 377 3828 439 3878; x_wconf 86' lang='lat' dir='ltr'><strong>adeo</strong></span> <span class='ocrx_word' id='word_1_370' title='bbox 452 3829 539 3877; x_wconf 82' lang='lat' dir='ltr'><strong>vitiosa</strong></span> <span class='ocrx_word' id='word_1_371' title='bbox 558 3827 631 3876; x_wconf 85' lang='lat' dir='ltr'><strong>lectio</strong></span> <span class='ocrx_word' id='word_1_372' title='bbox 648 3827 804 3877; x_wconf 86' lang='lat' dir='ltr'><strong>&#39;laminensis</strong></span> <span class='ocrx_word' id='word_1_373' title='bbox 838 3832 921 3894; x_wconf 75' lang='lat' dir='ltr'><strong>linqio.</strong></span> <span class='ocrx_word' id='word_1_374' title='bbox 956 3833 1025 3882; x_wconf 70' lang='lat' dir='ltr'><strong>narb</strong></span> <span class='ocrx_word' id='word_1_375' title='bbox 1042 3835 1170 3895; x_wconf 74' lang='grc' dir='ltr'><em>στυφελοῦ</em></span> <span class='ocrx_word' id='word_1_376' title='bbox 1187 3835 1243 3883; x_wconf 85' lang='lat' dir='ltr'><strong>Par.</strong></span> <span class='ocrx_word' id='word_1_377' title='bbox 1260 3835 1288 3884; x_wconf 87' lang='lat' dir='ltr'><strong>G.</strong></span> <span class='ocrx_word' id='word_1_378' title='bbox 1306 3837 1338 3884; x_wconf 89' lang='lat' dir='ltr'><strong>ll.</strong></span> <span class='ocrx_word' id='word_1_379' title='bbox 1358 3837 1381 3885; x_wconf 88' lang='lat' dir='ltr'><strong>l.</strong></span> 
     </span>
     <span class='ocr_line' id='line_1_37' title="bbox 258 3907 1385 3981; baseline 0.006 -22"><span class='ocrx_word' id='word_1_380' title='bbox 258 3907 359 3973; x_wconf 66' lang='grc' dir='ltr'><strong>εὐρέας.</strong></span> <span class='ocrx_word' id='word_1_381' title='bbox 396 3913 482 3974; x_wconf 88' lang='lat' dir='ltr'><strong>Neque</strong></span> <span class='ocrx_word' id='word_1_382' title='bbox 503 3920 541 3962; x_wconf 91' lang='lat' dir='ltr'><strong>est</strong></span> <span class='ocrx_word' id='word_1_383' title='bbox 562 3912 588 3960; x_wconf 93' lang='lat' dir='ltr'><strong>in</strong></span> <span class='ocrx_word' id='word_1_384' title='bbox 606 3913 711 3962; x_wconf 88' lang='lat' dir='ltr'><strong>nominis</strong></span> <span class='ocrx_word' id='word_1_385' title='bbox 726 3912 803 3961; x_wconf 80' lang='lat' dir='ltr'><strong>forma</strong></span> <span class='ocrx_word' id='word_1_386' title='bbox 838 3917 908 3967; x_wconf 63' lang='grc' dir='ltr'><strong>κατὰ</strong></span> <span class='ocrx_word' id='word_1_387' title='bbox 931 3921 1078 3981; x_wconf 60' lang='grc' dir='ltr'><em>ιιι-σφεων</em></span> <span class='ocrx_word' id='word_1_388' title='bbox 1102 3919 1167 3968; x_wconf 83' lang='lat' dir='ltr'><strong>blod.</strong></span> <span class='ocrx_word' id='word_1_389' title='bbox 1197 3919 1294 3969; x_wconf 82' lang='lat' dir='ltr'><strong>Scilicet</strong></span> <span class='ocrx_word' id='word_1_390' title='bbox 1314 3919 1385 3970; x_wconf 66' lang='grc' dir='ltr'><strong>κατὰ</strong></span> 
     </span>
     <span class='ocr_line' id='line_1_38' title="bbox 258 3981 1383 4065; baseline 0.007 -21"><span class='ocrx_word' id='word_1_391' title='bbox 258 4010 303 4045; x_wconf 86' lang='lat' dir='ltr'><strong>cur</strong></span> <span class='ocrx_word' id='word_1_392' title='bbox 328 3995 445 4045; x_wconf 72' lang='lat' dir='ltr'><strong>offendas.</strong></span> <span class='ocrx_word' id='word_1_393' title='bbox 485 3998 568 4046; x_wconf 80' lang='lat' dir='ltr'><strong>luisse</strong></span> <span class='ocrx_word' id='word_1_394' title='bbox 592 4003 670 4058; x_wconf 86' lang='lat' dir='ltr'><strong>potest</strong></span> <span class='ocrx_word' id='word_1_395' title='bbox 692 3994 804 4059; x_wconf 70' lang='lat' dir='ltr'><strong>ripioect</strong></span> <span class='ocrx_word' id='word_1_396' title='bbox 840 4016 895 4052; x_wconf 88' lang='lat' dir='ltr'><strong>cum</strong></span> <span class='ocrx_word' id='word_1_397' title='bbox 918 3981 1081 4065; x_wconf 80' lang='lat' dir='ltr'><strong>praecedente</strong></span> <span class='ocrx_word' id='word_1_398' title='bbox 1108 4000 1160 4058; x_wconf 74' lang='lat' dir='ltr'><strong>‘lnce</strong></span> <span class='ocrx_word' id='word_1_399' title='bbox 1185 4012 1383 4052; x_wconf 84' lang='lat' dir='ltr'><strong>construxerunt.</strong></span> 
     </span>
     <span class='ocr_line' id='line_1_39' title="bbox 259 4073 1382 4148; baseline 0.005 -19"><span class='ocrx_word' id='word_1_400' title='bbox 259 4077 326 4143; x_wconf 73' lang='lat' dir='ltr'><strong>ripa,</strong></span> <span class='ocrx_word' id='word_1_401' title='bbox 352 4088 379 4129; x_wconf 88' lang='lat' dir='ltr'><strong>ut</strong></span> <span class='ocrx_word' id='word_1_402' title='bbox 401 4075 481 4142; x_wconf 84' lang='grc' dir='ltr'><em>γινία</em></span> <span class='ocrx_word' id='word_1_403' title='bbox 508 4090 533 4130; x_wconf 88' lang='lat' dir='ltr'><strong>et</strong></span> <span class='ocrx_word' id='word_1_404' title='bbox 558 4078 644 4143; x_wconf 73' lang='grc' dir='ltr'><em>γεννά.</em></span> <span class='ocrx_word' id='word_1_405' title='bbox 687 4081 804 4136; x_wconf 84' lang='lat' dir='ltr'><strong>Librariis</strong></span> <span class='ocrx_word' id='word_1_406' title='bbox 840 4073 987 4148; x_wconf 73' lang='lat' dir='ltr'><strong>Argumento</strong></span> <span class='ocrx_word' id='word_1_407' title='bbox 1002 4094 1039 4135; x_wconf 86' lang='lat' dir='ltr'><strong>est</strong></span> <span class='ocrx_word' id='word_1_408' title='bbox 1057 4086 1138 4146; x_wconf 77' lang='lat' dir='ltr'><strong>Etym.</strong></span> <span class='ocrx_word' id='word_1_409' title='bbox 1159 4087 1195 4143; x_wconf 60' lang='lat' dir='ltr'><strong>ll2</strong></span> <span class='ocrx_word' id='word_1_410' title='bbox 1209 4102 1234 4148; x_wconf 90' lang='lat' dir='ltr'><strong>p.</strong></span> <span class='ocrx_word' id='word_1_411' title='bbox 1256 4089 1317 4137; x_wconf 74' lang='lat'><strong>752.</strong></span> <span class='ocrx_word' id='word_1_412' title='bbox 1339 4090 1382 4135; x_wconf 79' lang='lat'><strong>15.</strong></span> 
     </span>
     <span class='ocr_line' id='line_1_40' title="bbox 258 4163 1385 4228; baseline 0.006 -14"><span class='ocrx_word' id='word_1_413' title='bbox 258 4163 340 4227; x_wconf 61' lang='lat' dir='ltr'><strong>elatea</strong></span> <span class='ocrx_word' id='word_1_414' title='bbox 366 4167 452 4218; x_wconf 84' lang='lat' dir='ltr'><strong>deberi</strong></span> <span class='ocrx_word' id='word_1_415' title='bbox 473 4167 512 4215; x_wconf 81' lang='lat' dir='ltr'><strong>vix</strong></span> <span class='ocrx_word' id='word_1_416' title='bbox 536 4168 653 4218; x_wconf 87' lang='lat' dir='ltr'><strong>credibile</strong></span> <span class='ocrx_word' id='word_1_417' title='bbox 669 4175 720 4225; x_wconf 88' lang='lat' dir='ltr'><strong>est,</strong></span> <span class='ocrx_word' id='word_1_418' title='bbox 748 4183 805 4218; x_wconf 89' lang='lat' dir='ltr'><strong>oum</strong></span> <span class='ocrx_word' id='word_1_419' title='bbox 841 4172 883 4219; x_wconf 88' lang='lat' dir='ltr'><strong>ubi</strong></span> <span class='ocrx_word' id='word_1_420' title='bbox 903 4186 934 4220; x_wconf 86' lang='lat' dir='ltr'><strong>ex</strong></span> <span class='ocrx_word' id='word_1_421' title='bbox 952 4170 1049 4220; x_wconf 83' lang='lat' dir='ltr'><strong>Hesiodi</strong></span> <span class='ocrx_word' id='word_1_422' title='bbox 1066 4169 1201 4228; x_wconf 78' lang='lat' dir='ltr'><strong>Theogonia</strong></span> <span class='ocrx_word' id='word_1_423' title='bbox 1221 4174 1310 4220; x_wconf 81' lang='lat' dir='ltr'><strong>citatur</strong></span> <span class='ocrx_word' id='word_1_424' title='bbox 1325 4188 1385 4220; x_wconf 76' lang='grc' dir='ltr'><em>σσν·</em></span> 
     </span>
     <span class='ocr_line' id='line_1_41' title="bbox 261 4248 1384 4321; baseline 0.003 -18"><span class='ocrx_word' id='word_1_425' title='bbox 261 4253 341 4303; x_wconf 85' lang='lat' dir='ltr'><strong>notius</strong></span> <span class='ocrx_word' id='word_1_426' title='bbox 358 4263 423 4303; x_wconf 85' lang='lat' dir='ltr'><strong>osset</strong></span> <span class='ocrx_word' id='word_1_427' title='bbox 437 4248 491 4317; x_wconf 79' lang='grc' dir='ltr'><em>είμι</em></span> <span class='ocrx_word' id='word_1_428' title='bbox 509 4268 541 4304; x_wconf 82' lang='lat' dir='ltr'><strong>ex</strong></span> <span class='ocrx_word' id='word_1_429' title='bbox 559 4255 631 4304; x_wconf 87' lang='lat' dir='ltr'><strong>ilom.</strong></span> <span class='ocrx_word' id='word_1_430' title='bbox 650 4253 682 4303; x_wconf 89' lang='lat' dir='ltr'><strong>ll.</strong></span> <span class='ocrx_word' id='word_1_431' title='bbox 697 4258 726 4303; x_wconf 84' lang='grc' dir='ltr'><strong>Σ.</strong></span> <span class='ocrx_word' id='word_1_432' title='bbox 742 4257 805 4305; x_wconf 75' lang='lat'><strong>551.</strong></span> <span class='ocrx_word' id='word_1_433' title='bbox 841 4258 924 4318; x_wconf 69' lang='grc' dir='ltr'><em>φελσῦ</em></span> <span class='ocrx_word' id='word_1_434' title='bbox 944 4252 986 4305; x_wconf 73' lang='grc' dir='ltr'><em>διὰ</em></span> <span class='ocrx_word' id='word_1_435' title='bbox 1006 4250 1101 4318; x_wconf 70' lang='grc' dir='ltr'><em>χώραν,</em></span> <span class='ocrx_word' id='word_1_436' title='bbox 1127 4254 1248 4307; x_wconf 63' lang='lat' dir='ltr'><strong>hainau</strong></span> <span class='ocrx_word' id='word_1_437' title='bbox 1263 4257 1384 4321; x_wconf 73' lang='grc' dir='ltr'><em>σράχεσς.</em></span> 
     </span>
    </p>
   </div>
   <div class='ocr_carea' id='block_1_7' title="bbox 0 0 1533 5209">
    <p class='ocr_par' dir='ltr' id='par_1_9' title="bbox 0 0 1533 5209">
     <span class='ocr_line' id='line_1_42' title="bbox 0 0 1533 5209; baseline 0 0"><span class='ocrx_word' id='word_1_438' title='bbox 0 0 1533 5209; x_wconf 95' lang='lat' dir='ltr'><strong> </strong></span> 
     </span>
    </p>
   </div>
  </div>
 </body>
</html>
