2967 5209
209 526 278 601 132
623 550 862 601 couussrinvs

169 708 172 713 ⁴
204 747 241 789 sc
260 723 471 811 Theogoniae
489 722 685 790 vindicaret.
732 720 968 789 Recentissime
997 728 1111 783 autem
1133 718 1322 809 Gruppius,

207 833 384 901 Hesiodum
407 833 503 900 nobis
524 835 699 901 restituere
713 845 867 911 conatus,
891 831 999 921 qualis
1018 828 1124 897 fuerit
1144 855 1214 897 non
1225 834 1325 899 modo

204 958 282 1012 ante
307 968 440 1026 omnes,
470 969 552 1036 quos
580 944 758 1027 habemus,
790 945 941 1023 Codices,
968 966 1087 1011 verum
1115 943 1217 1009 etiam
1249 956 1326 1009 ante

163 1148 165 1151 Ι
203 1082 318 1126 omnes
338 1058 435 1126 nobis
452 1059 600 1148 cognitos
613 1059 750 1127 Veteres
771 1056 969 1146 Scriptores,
988 1056 1187 1122 distributus
1201 1057 1327 1122 scilieet

203 1172 242 1237 in
268 1170 421 1259 strophas
450 1170 559 1236 trium
585 1193 744 1237 versuum
764 1169 928 1257 singulas,
951 1169 990 1234 in
1019 1168 1207 1257 prooemio,
1238 1169 1327 1234 reie-

203 1283 265 1348 ctis
283 1283 349 1362 ibi,
374 1295 414 1348 ut
432 1282 554 1372 passim
583 1283 622 1348 in
646 1283 717 1371 ipsa
739 1281 947 1368 Theogonis,
971 1280 1219 1369 compluribus,
1246 1303 1327 1369 qua·

204 1406 283 1459 tuor
306 1408 420 1461 tamen
440 1394 605 1461 eiusmodi
626 1393 781 1483 strophas
799 1391 843 1457 ab
860 1392 1000 1458 Hesiodo
1018 1392 1183 1481 profectas
1197 1395 1324 1472 statuit,

203 1506 353 1592 primam
384 1529 497 1574 versus
527 1507 757 1572 continentem
793 1508 836 1569 22
863 1505 1006 1592 (mutato
1037 1504 1087 1571 ibi
1117 1492 1157 1570 αἵ
1185 1527 1221 1573 νυ
1253 1495 1325 1572 πόθ’

203 1604 354 1683 Ἡσίοδον
383 1619 422 1682 in
442 1605 592 1684 Ἡσίοδον
612 1616 778 1704 Μοῦσαι),
803 1620 862 1698 23,
887 1617 944 1698 243
970 1619 1111 1684 alteram
1135 1641 1248 1685 versus
1267 1619 1329 1686 ha·

204 1731 338 1795 bentem
361 1730 404 1793 26
428 1740 461 1794 et
477 1730 544 1794 duo
564 1741 751 1816 sequentes,
776 1729 912 1795 tertiam
937 1752 992 1796 vv.
1014 1731 1157 1810 29-31,
1174 1742 1330 1819 quartam
1430 1747 1432 1753 ’
1474 1744 1478 1805 3

204 1866 260 1909 vv.
279 1844 422 1909 33-35.
458 1841 623 1927 Equidem
641 1841 755 1928 primo
773 1841 982 1906 verosimile
1002 1841 1066 1907 hoo
1086 1866 1151 1908 esse
1171 1842 1331 1924 arbitror,

205 1953 308 2021 fuisse
331 1953 470 2040 aliquod
488 1951 529 2018 ab
550 1952 691 2018 Hesiodo
710 1952 931 2040 praemissum
949 1955 1093 2020 carmini
1110 1955 1150 2021 de
1175 1956 1332 2044 Theogo-

206 2068 264 2134 nia
285 2067 510 2157 prooemium.
536 2063 630 2158 Cum
648 2064 740 2131 enim
765 2077 916 2145 constans
941 2067 1004 2132 ille
1023 2068 1143 2133 veteris
1165 2070 1237 2136 aevi
1260 2092 1331 2136 non

206 2174 451 2269 rhapsodorum
479 2177 595 2255 modo,
623 2177 689 2241 sed-
704 2177 808 2241 etiam
834 2180 1029 2266 poitarum,
1059 2180 1119 2266 qui
1150 2205 1184 2246 se
1212 2181 1332 2248 divino

206 2292 372 2358 instinctu
405 2309 523 2354 canere
561 2289 795 2354 existimarent
834 2301 867 2353 et
895 2291 1043 2354 Deorum
1077 2292 1203 2358 vellent
1237 2295 1332 2382 quasi

209 2394 381 2490 ὑποφητα)
410 2403 546 2481 haberi,
581 2425 653 2468 mos
681 2402 804 2481 fuerit,
829 2404 1009 2468 exordium
1031 2403 1139 2471 facere
1158 2406 1201 2471 ab
1220 2407 1333 2495 aliqua

207 2517 285 2595 Dei,
308 2516 469 2604 inprimis
490 2516 594 2593 lovis,
617 2513 788 2603 Apollinis
806 2528 839 2580 et
859 2515 1032 2582 Musarum
1052 2519 1263 2586 invocatione
1278 2522 1333 2588 vel

208 2628 381 2705 laudibus,
406 2649 483 2692 sane
501 2649 581 2692 vero
599 2628 712 2693 simile
726 2639 792 2708 est,
817 2629 918 2695 etiam
938 2630 1135 2711 Hesiodum,
1159 2632 1334 2698 Musarum

209 2739 466 2808 Heliconiadum
496 2742 640 2805 accolam
664 2752 697 2807 et
726 2741 820 2829 quasi
849 2743 1028 2807 almnnum
1053 2745 1132 2827 (vid.
1149 2727 1244 2834 Ἔργ.
1267 2749 1334 2813 658

208 2851 288 2942 seq.)
314 2852 484 2921 Carminis
496 2854 549 2917 sui
570 2853 712 2919 initium
731 2854 772 2919 ab
791 2854 916 2920 harum
934 2858 1086 2922 encomio
1101 2857 1223 2925 fecisse.
1248 2858 1336 2925 Sub-

209 2969 279 3035 lato
301 2966 489 3056 prooemio,
513 2968 606 3032 vela
628 2967 821 3055 Theogonis
841 2980 985 3047 semoto,
1013 2969 1104 3035 nihil
1124 2970 1191 3036 erit
1209 2972 1247 3036 in
1267 2973 1334 3038 He-

209 3080 346 3159 siodeis,
378 3079 467 3167 quod
494 3080 691 3169 respondeat
724 3080 909 3147 Homericis
945 3075 1046 3162 Μῆνιν
1080 3070 1169 3150 ἄειδε
1198 3072 1257 3151 θεά
1284 3119 1336 3131 -

202 3175 352 3258 '‘Errsre
381 3190 432 3257 νῦν
462 3209 539 3277 μοι,
573 3192 707 3258 Μοῦσαι
733 3225 786 3238 --
809 3177 933 3282 ’Ἄνδρα
966 3214 1024 3280 μοι
1048 3185 1156 3261 ’ἔννεπε
1165 3202 1179 3268 ,’
1200 3198 1334 3265 Μοῦσα.

211 3304 354 3383 Deinde,
381 3306 514 3370 tametsi
541 3328 611 3370 non
636 3328 738 3393 nego,
766 3329 832 3372 esse
857 3308 895 3372 in
914 3310 1102 3396 prooemio,
1124 3314 1213 3400 quod
1233 3313 1338 3380 habo-

212 3439 306 3496 mus,
334 3415 494 3503 quaedam
512 3415 720 3495 istiusmodi,
746 3430 786 3482 ut
807 3418 848 3483 ab
868 3419 944 3484 aliis
969 3420 1065 3487 iniici
1085 3425 1259 3511 potuerint
1282 3439 1337 3493 at-

211 3552 276 3617 que
305 3528 384 3594 adeo
415 3527 539 3593 iniecta
564 3551 632 3593 esse
656 3528 751 3594 haud
778 3530 849 3595 sine
875 3531 948 3596 veri
981 3534 1088 3621 specie
1113 3551 1336 3620 censeantur,

210 3655 326 3709 tamen
356 3641 393 3706 in
424 3639 592 3728 plerisque
614 3639 685 3705 eius
712 3641 815 3706 illum
844 3643 948 3709 inesse
976 3645 1122 3713 arbitror
1146 3650 1272 3736 priscae
1301 3676 1338 3719 ac

213 3752 378 3844 simplicis
394 3752 786 3840 antiquitatiscolorem,
805 3754 865 3842 qui
886 3757 941 3822 rel
955 3761 1107 3826 maxime
1122 3766 1253 3850 poeseos
1273 3765 1337 3831 He·

213 3868 340 3934 siodeae
368 3866 514 3955 tempori
542 3866 737 3953 conveniat3
770 3877 845 3932 tum
872 3880 907 3934 et
926 3871 1077 3958 plurima
1102 3875 1235 3943 Hesiodi
1255 3901 1339 3967 per·

214 4002 328 4058 sonae,
347 3978 463 4058 rebus,
486 3977 639 4058 dictioni,
656 3978 740 4043 item
762 3994 959 4067 argumento
979 3984 1190 4073 Theogoniae
1208 4001 1242 4057 et
1257 4014 1339 4057 con-

213 4113 381 4158 nexorum
408 4113 488 4155 eum
508 4090 700 4177 Theogonis
719 4093 912 4159 carminum
931 4096 1083 4163 maxime
1109 4122 1271 4193 congrua,
1299 4115 1340 4168 ut

214 4210 390 4295 propterea
418 4225 482 4291 pro
509 4203 632 4266 maiori
661 4214 750 4268 certe
774 4217 869 4292 parte
892 4208 996 4295 magis
1017 4208 1157 4277 Hesiodo
1184 4213 1339 4280 tribuen-

214 4319 313 4395 dum,
346 4339 448 4403 quam
483 4314 525 4379 ab
554 4316 617 4381 illo
646 4314 908 4384 abiudicandum
935 4322 1146 4412 prooemium
1165 4324 1336 4405 videatur,
