2967 5209
492 496 523 540 m
547 494 670 542 ursioni
695 494 909 542 rusosouuu.
1191 468 1262 544 347

131 664 254 751 phonis
276 664 422 753 imagine
445 677 478 730 et
500 667 622 752 mytho
644 666 825 732 declaratos
842 686 972 753 quoque
986 667 1077 754 ignes
1092 668 1263 733 subterra·

131 800 225 856 neos,
257 801 275 843 e
304 779 476 843 montibus
501 781 632 844 ooelum
657 801 770 845 versus
792 778 915 855 editos,
941 778 975 844 id
999 781 1126 858 nascio,
1150 802 1194 846 an
1216 802 1292 846 ει.

132 890 298 957 Hosiodeis
318 914 390 956 non
412 904 482 956 tam
505 892 637 978 liquido
659 905 827 980 sequatur.
855 893 1020 982 Congruit
1032 893 1167 980 quidem
1183 914 1261 959 oum

130 1025 168 1067 ea
189 1003 344 1081 notione,
368 1004 457 1090 quod
481 1028 512 1071 v.
537 1008 603 1070 820
621 1020 712 1096 'seqq
738 1007 860 1072 Terrae
883 1019 916 1072 et
938 1006 1071 1071 Tartari
1097 1007 1189 1070 filius
1207 1007 1260 1071 di-

128 1115 221 1180 citur
246 1115 437 1203 Typhoeus.
485 1115 547 1182 Sed
578 1118 624 1182 sio
654 1107 795 1203 μυθικῶς
817 1117 969 1183 denotari
988 1140 1120 1205 quoque
1140 1129 1261 1205 potue-

128 1239 215 1295 runt
235 1237 391 1315 repentini
398 1228 505 1315 flattu
524 1229 695 1295 exhalante
713 1245 800 1295 terra
821 1239 940 1312 coorti,
963 1228 1076 1320 (verba
1096 1242 1175 1295 sunt
1194 1230 1261 1295 Pli-

128 1340 201 1418 nii,
225 1362 325 1425 quam
348 1341 424 1406 vide
451 1342 492 1408 Η.
521 1342 563 1408 Ν.
593 1343 636 1408 II.
662 1342 730 1432 to.)
755 1346 808 1409 vel
826 1366 869 1410 ex
888 1354 998 1408 terrae
1014 1327 1163 1408 cavernis
1184 1365 1262 1407 cum

129 1454 266 1540 mugitu
284 1467 540 1542 prorumpentes
562 1457 666 1523 venti.
689 1457 776 1524 Vide
793 1481 824 1523 r.
841 1458 914 1524 ,829
932 1444 1122 1543 καφαοΙΙ.
1151 1456 1262 1521 Plinio

132 1567 175 1632 ΙΙ.
199 1568 251 1634 44.
275 1567 344 1653 Πῦρ
368 1580 497 1646 autem,
519 1570 614 1633 ouius
636 1569 766 1634 mentio
780 1570 822 1634 fit
840 1594 871 1637 v.
888 1571 977 1647 845„
1000 1569 1091 1633 nihil
1106 1567 1260 1658 impedit,

130 1681 311 1767 quominus
341 1702 419 1744 cum
449 1680 634 1746 Soholiasta
659 1681 860 1770 accipiamus
882 1670 1067 1770 πρηστήρων
1085 1674 1120 1746 τ’
1137 1671 1262 1767 ἇνὲμων

130 1810 187 1873 τε,
211 1794 264 1857 vel
288 1783 352 1863 abac
373 1780 411 1858 ἔα
434 1783 500 1859 τῶν
521 1783 647 1878 ἀνέμων
668 1783 837 1866 ἀναδόσεις
859 1789 1060 1879 ἓξημμένας,
1083 1794 1194 1881 qualis
1208 1816 1261 1857 ar·

129 1907 192 1971 dor
216 1907 318 1971 etiam
341 1908 378 1970 in
401 1909 471 1972 alto
495 1910 660 1973 sentiatur
681 1910 825 1999 (1.844.
849 1911 928 1974 coll.
950 1909 1106 1974 Lucretio
1124 1908 1182 1976 VI.
1198 1909 1261 1973 422

130 2017 242 2105 seqq).
289 2022 334 2085 Et
365 2042 444 2084 varo
476 2023 646 2085 montium
679 2021 833 2086 incendia
857 2022 1012 2108 equidem
1039 2021 1078 2084 in
1103 2016 1261 2084 Hesiodeo

129 2132 171 2195 de
201 2130 387 2218 Typhaone
413 2132 536 2218 mytho
570 2155 638 2197 non
667 2143 737 2196 tam
767 2131 871 2218 ipsius
900 2133 1067 2196 declarata
1098 2130 1261 2218 imagine,

129 2264 232 2327 quam
263 2240 408 2307 indicata
433 2242 476 2307 iis
500 2255 600 2331 puto,
624 2264 708 2330 quae
731 2244 773 2307 ad
799 2240 1037 2307 debellandum
1057 2243 1261 2330 Typhoeum
1303 2306 1306 2316 ,

130 2355 238 2420 facere
257 2356 387 2443 Iupiter
412 2369 572 2421 narratur
597 2381 628 2422 v.
654 2359 721 2422 855
742 2379 830 2443 seqq.
851 2356 1002 2420 maxime
1024 2378 1057 2420 v.
1082 2355 1147 2421 859
1172 2378 1259 2443 seqq.

130 2468 245 2532 Potuit
255 2468 382 2553 utique,
407 2470 560 2533 nondum
577 2469 655 2534 satis
676 2467 760 2533 bene
779 2467 923 2556 cognitis
939 2465 1147 2533 subterranei
1163 2468 1259 2555 ignis,

129 2602 173 2645 ex
209 2581 322 2668 aliquo
352 2592 467 2646 monte
497 2580 715 2659 exundantis,
748 2593 868 2646 natura
888 2593 987 2667 atque
1005 2582 1127 2660 oairsis,
1153 2582 1261 2646 tribui

129 2696 216 2782 ignis
234 2696 295 2760 ille
313 2696 410 2760 iactis
429 2696 467 2761 in
489 2718 567 2760 eum
588 2708 740 2762 montem
760 2694 977 2773 fulminibus,
1000 2698 1096 2784 quasi
1109 2696 1157 2761 ita
1169 2718 1261 2761 com·

128 2819 280 2895 pesoente
313 2808 392 2874 Iove
417 2820 624 2874 exserentem
656 2831 689 2873 se
712 2808 812 2872 iniis
836 2809 918 2873 locis
943 2809 1087 2873 malefici
1108 2809 1261 2873 numinis

130 2920 306 3007 Typhonis
324 2921 415 2999 vim,
439 2943 540 3007 quam
559 2943 638 2985 oum
659 2922 783 2986 damno
804 2942 864 2984 suo
883 2921 1038 2986 homines
1062 2921 1261 3008 experiren-

129 3044 187 3095 tur
211 3032 297 3096 a‘eris
314 3043 423 3111 aestu,
447 3032 552 3119 igneis
571 3034 680 3097 ventis
698 3055 736 3098 ao
749 3033 960 3111 turbinibus,
981 3035 1179 3121 importuno
1194 3045 1260 3098 ter·
1332 3065 1335 3071 ·

129 3166 186 3207 rae
204 3144 373 3231 marisque
393 3155 501 3208 motu.
549 3144 675 3210 Notum
696 3146 791 3210 enim
811 3168 905 3234 saepe
920 3148 1009 3211 mala
1023 3147 1103 3212 haec
1120 3166 1260 3211 concur-

128 3277 211 3321 rere.
258 3257 401 3322 Aetnam
423 3268 577 3321 montem
599 3255 641 3321 ab
662 3257 739 3325 Iove
763 3258 925 3346 Typhoni
950 3259 1114 3324 iniectum
1136 3282 1180 3323 ex
1206 3281 1260 3324 se·-

127 3367 274 3432 rioribus
293 3369 400 3456 politis
424 3370 572 3448 tradens,
598 3371 822 3458 Apollodorus
844 3373 870 3439 l.
892 3373 952 3440 VI.
975 3375 1112 3459 3.§12.
1143 3372 1261 3461 perhi-

128 3482 200 3547 beri
224 3481 335 3561 addit,
357 3483 455 3548 ineo
479 3477 586 3574 μέχρι
608 3472 702 3571 δεῦρο
726 3473 808 3550 ἀπὸ
832 3476 914 3551 τῶν
938 3474 1175 3572 βληθέντων
1199 3501 1260 3550 αε-

129 3590 281 3682 paureio
305 3582 453 3683 γίνεσθαι
478 3591 577 3685 πυρὸς
601 3587 867 3683 ἀναφυσήματα.

171 3846 204 3887 v.
228 3823 294 3888 824
315 3844 403 3908 seqq.
438 3824 543 3888 Erant
573 3824 669 3888 virili
693 3822 847 3910 Typhoei
872 3819 1000 3886 formae
1022 3833 1156 3886 centum
1186 3821 1258 3884 im-

126 3935 232 4021 posita
252 3935 360 4023 capita
379 3935 534 4023 anguina.
574 3924 860 4023 Ἑααταγκάρανον
883 3935 937 3999 rel
961 3920 1261 4020 emron-motum

125 4059 245 4112 vocant
277 4049 378 4113 etiam
411 4048 525 4113 Aesob.
560 4048 672 4113 Prom.
701 4051 777 4113 353.
815 4042 907 4134 (361.
944 4041 1082 4127 Blomf.)
1123 4042 1256 4109 Pindar.

126 4158 228 4245 Pyth.
254 4159 280 4222 1.
305 4164 359 4225 31.
405 4159 509 4248 Magis
536 4172 757 4225 monstrosam
787 4182 829 4224 ex
851 4156 1030 4223 serioribus
1052 4158 1159 4244 poetis
1179 4159 1257 4244 Ty·

125 4270 247 4357 phonis
266 4272 450 4360 imaginem
470 4271 609 4338 exusta
629 4253 784 4359 Apulos.
812 4273 838 4339 1.
863 4268 920 4338 vt.
944 4276 975 4337 s.
998 4271 1119 4336 assius
1144 4271 1205 4335 aas
1225 4282 1257 4334 οι,
