2967 5209
483 509 514 552 nt
540 506 661 554 uustont
687 501 899 553 nnuoeonnu.
1172 477 1242 552 337

127 680 232 768 piter,
255 682 394 748 simulac
420 681 629 755 menducium
649 683 773 747 versari
797 680 888 745 videt
904 678 1160 758 inteuCoelites,
1178 690 1243 744 sta·

128 791 193 855 tim
222 792 322 858 etiem
355 792 578 883 (Respondent
598 793 662 859 sibi
683 793 828 858 invicem
852 780 972 857 ’ίτττοτ’
995 783 1124 878 Apte-
1142 779 1199 856 καί
1213 782 1243 878 ῤ’
1288 844 1293 859 .

128 892 219 974 ὅστις
240 890 338 987 ψεῦδ.
361 916 394 969 et
416 894 495 975 Ζεδο
515 892 554 970 δέ
572 922 609 968 τε
634 904 679 995 (v.
705 906 780 970 782.
805 907 836 968 3.
860 900 904 992 4.)
929 903 1002 968 Irin
1025 911 1145 966 mittere
1167 903 1245 967 solet

126 1002 280 1102 (ἔπεμψε
301 1041 333 1082 v.
357 1015 467 1104 784),
494 1031 534 1082 ut
556 1020 594 1083 in
612 1041 711 1083 aureo
736 1017 911 1106 gutturnio
934 1014 1062 1080 adferat
1085 1037 1246 1104 magnum

126 1129 274 1194 Deorum
291 1130 537 1208 iusiurandum,
557 1130 848 1196 celebratissimum
870 1128 982 1217 Stygis
993 1151 1123 1215 aquam.
1146 1125 1245 1195 Conf.

125 1265 228 1330 supra
251 1267 283 1307 v.
305 1243 380 1309 400.
404 1242 496 1309 infra
514 1269 546 1310 v.
571 1248 648 1311 805.
675 1245 773 1310 Hom.
797 1243 861 1310 Od.
885 1245 923 1309 E.
946 1244 1020 1308 185.
1043 1243 1084 1309 H.
1111 1244 1149 1307 in
1172 1241 1247 1308 Cer.

128 1355 207 1424 260.
235 1355 394 1443 Apellen.
423 1357 532 1421 Rhod.
563 1357 606 1420 ΙΙ.
632 1358 707 1422 291.
756 1356 849 1442 Aqua
872 1355 932 1420 illa
953 1354 1102 1420 destillat
1123 1375 1142 1417 e
1163 1374 1249 1440 rupe

127 1458 186 1555 (τὸ
208 1457 440 1553 κατειβόμενον
464 1461 594 1557 Στνγδς
615 1457 697 1557 ὕδωρ
730 1470 821 1535 dixit
847 1468 1009 1533 Homerus
1028 1468 1053 1531 1.
1077 1464 1134 1552 c.).
1182 1465 1251 1531 Ita·

127 1601 194 1665 que
220 1576 344 1667 frigida
373 1591 430 1648 est.
477 1583 572 1647 Fluit
595 1595 707 1646 autem
724 1584 836 1648 multa
857 1582 919 1646 sub
939 1593 1065 1645 terram
1089 1580 1136 1670 (v.
1157 1576 1249 1666 787.)

105 1754 108 1757 ,
128 1679 188 1759 At
208 1686 328 1758 Νίκτα
346 1685 502 1777 μέλαιναν
525 1693 569 1782 (v.
594 1691 683 1781 788.)
709 1717 770 1780 per
785 1695 857 1760 loca
877 1693 1090 1773 tenebricosa,
1114 1706 1154 1758 ut
1173 1706 1252 1758 sunt

128 1801 250 1869 infera.
298 1805 371 1892 lpse
391 1819 438 1870 est
461 1800 628 1871 Ὠκεανοῖο
652 1797 746 1891 κέρας
770 1804 929 1903 (tute.)
948 1806 1001 1885 id,
1023 1807 1113 1893 quod
1138 1805 1254 1871 Latini

128 1919 249 1985 dicunt
280 1919 452 1988 brachium.
495 1920 695 2007 Apollonius
730 1920 841 1985 Rhod.
877 1920 934 1987 IV.
964 1922 1060 1986 1282.
1096 1919 1254 1985 similiter
1289 1945 1291 1953 ’

130 2032 256 2096 Istrum
275 2044 370 2097 vocat
393 2024 516 2097 ὑπατδν
539 2028 632 2116 κέρας
652 2019 839 2112 Ὠκεοονοίο,
862 2030 1130 2097 ubiSeholiastes
1146 2041 1252 2110 notat,

130 2165 247 2208 omnes
279 2142 401 2209 fluvios
427 2143 495 2208 dici
517 2135 641 2231 κέρατα
661 2124 838 2224 Ὠκεανοῦ)
868 2144 992 2231 quippe
1018 2155 1133 2207 ortum
1157 2142 1199 2206 ab
1217 2164 1254 2206 eo

131 2257 300 2321 ducentes.
327 2256 396 2323 Cur
418 2280 461 2321 ex
481 2279 518 2320 eo
530 2258 679 2320 multum
697 2255 782 2319 fluat
802 2255 846 2344 (v.
868 2253 970 2341 787.)
984 2256 1047 2319 hoe
1065 2255 1254 2333 brachium,

130 2368 282 2455 explicat
294 2371 391 2455 poeta
413 2392 444 2434 v.
467 2369 532 2435 789
552 2389 639 2454 seqq.
661 2357 786 2456 (τοῦτῳ
809 2357 856 2453 τῷ
873 2356 1000 2455 κέρατι)
1019 2354 1144 2444 δεκοίτν
1159 2357 1257 2452 μοῖρα

128 2465 350 2569 ἒπεδίδοοοτοοι
374 2470 448 2568 (τοῦ
472 2471 657 2544 Ὠκεανείου
682 2468 817 2561 ὕδατος)
834 2503 917 2567 pars
939 2478 1090 2544 attributa
1107 2491 1154 2542 est
1171 2477 1257 2541 deci-

131 2616 186 2656 ma
204 2616 356 2680 aquarum
379 2593 510 2657 Oceani.
559 2592 692 2681 Quippe
714 2582 826 2681 (κατ’)
854 2579 943 2656 ἓννὲοο
964 2586 1025 2678 μεν
1046 2580 1192 2681 (μοίρας)
1212 2581 1257 2654 εί·

131 2699 289 2792 λνγμένοο
318 2695 352 2793 (o‘
375 2694 546 2792 Ὠκεανδο)
575 2693 662 2790 δίνρο
688 2695 766 2793 οίργ.
797 2697 869 2792 περ)
890 2721 929 2792 γ.
954 2725 986 2770 τ.
1005 2726 1037 2769 κ.
1064 2697 1125 2793 εὑρ.
1147 2725 1174 2768 ν.
1200 2691 1260 2769 θα·

130 2805 263 2896 λοίπης
288 2818 333 2906 (v.
358 2821 423 2884 790
440 2817 518 2906 seq.)
537 2842 647 2883 novem
666 2819 790 2907 quidem
803 2826 869 2882 suis
878 2818 1026 2905 partibus
1041 2826 1127 2881 circa
1141 2832 1256 2881 terram

131 2943 164 2993 et
186 2954 273 2993 mare
295 2928 601 3018 (mediterraneum)
628 2930 749 2995 volutus
770 2938 929 3017 argenteis
956 2929 1120 2993 verticibus
1143 2928 1258 3016 (Ocea-

133 3039 207 3128 nus)
231 3033 274 3112 είς
295 3030 376 3121 ἦλα,
399 3044 437 3107 in
450 3042 540 3106 idem
561 3042 650 3107 illud
667 3065 769 3121 mare,
789 3033 915 3122 τίττεν,
930 3042 1051 3119 incidit,
1075 3028 1211 3123 ἡδέμίν
1224 3060 1255 3108 κ.

12 3170 15 3175 ’
133 3175 169 3218 τ.
191 3158 223 3220 λ.
246 3156 294 3245 (v.
320 3152 410 3241 792.)
442 3154 501 3218 sed
525 3179 590 3218 una
621 3155 673 3242 (de
703 3154 816 3219 decem
844 3154 995 3242 partibus
1022 3177 1104 3242 aqua
1130 3152 1255 3243 Stygis)

133 3292 178 3331 ex
208 3291 288 3332 saxo
308 3271 388 3354 fluit
424 3270 548 3350 (versus
576 3265 715 3354 inferos)
743 3291 892 3354 magnum
920 3268 976 3329 illa
1008 3268 1080 3330 Diu
1110 3268 1257 3332 damnum

132 3403 258 3444 creans.

179 3490 302 3559 Oceani
329 3492 401 3556 filia
429 3490 517 3579 Styx
547 3481 617 3577 ίερδο
645 3479 737 3579 mm
759 3482 850 3556 κατα
872 3484 927 3556 τὸν
948 3481 1096 3559 Ἡσίοδον
1127 3517 1177 3583 ονεΙ
1194 3495 1258 3560 hoc

131 3608 207 3671 loco
224 3615 431 3669 memoratur
454 3605 492 3670 in
515 3604 627 3670 Schol.
651 3606 722 3670 AD.
741 3606 782 3670 ad
804 3606 846 3670 ll.
869 3604 910 3671 Ο.
932 3610 984 3672 37.
1029 3605 1121 3691 Quae
1139 3607 1256 3694 legun·

131 3729 192 3781 tur
214 3727 326 3782 autem
347 3717 383 3782 in
404 3719 519 3804 Etym.
539 3717 584 3783 M.
604 3741 638 3805 p.
661 3721 736 3784 731.
762 3722 814 3784 33.
835 3731 867 3782 et
890 3718 1001 3784 Schol.
1023 3698 1062 3784 A.
1085 3719 1125 3782 ad
1147 3719 1186 3783 11.
1212 3719 1255 3784 Θ.

132 3832 210 3898 369.
231 3854 274 3895 ex
292 3829 426 3897 Villois.
452 3831 513 3895 Ed.
537 3820 663 3911 ἡΣτὺξ
682 3822 745 3914 μία
763 3817 837 3895 ἐστὶ
856 3821 921 3895 τῶν
942 3824 1096 3894 Ὠκεανοῦ
1113 3818 1256 3918 θυγατέ-

132 3962 202 4030 ρων,
226 3935 261 4024 ἣν
286 3934 302 4007 ὁ
327 3933 405 4013 Ζεὺς
429 3931 695 4030 φρικωδέστατον
713 3934 803 4031 ὅρκον
825 3932 888 4007 τῶν
905 3931 980 4009 θεῶν
999 3930 1142 4025 beauce,
1159 3934 1256 4029 τιμή·

132 4075 197 4125 σας
228 4046 345 4136 αὐτίρν,
382 4042 422 4123 ἶίς
453 4050 554 4139 φησιν
578 4037 725 4126 Ἡσίοδος
752 4042 783 4120 ἓν
809 4042 983 4144 Θεογονίᾳ.
1008 4043 1082 4120 ἔστ)
1106 4044 1143 4123 δε
1164 4047 1257 4146 κρήνη

132 4154 166 4231 ἓν
193 4154 292 4251 ᾅίδονε
314 4190 351 4232 ea
374 4178 450 4231 tum
469 4167 510 4232 ad
531 4167 622 4232 hune
640 4170 753 4234 locum
773 4171 961 4258 pertinent,
984 4182 1059 4234 tum
1080 4171 1121 4236 ad
1143 4194 1256 4238 versus

134 4302 233 4367 supra
258 4282 334 4347 961.
361 4280 435 4346 100.
981 4292 983 4298 ‘

1064 4395 1110 4467 22
