2967 5209
465 495 496 540 ns
522 492 646 540 nesrom
671 491 886 540 rnsososns.
1178 465 1250 539 189

120 676 220 763 ginus
254 674 291 738 in
316 670 527 738 Praefatione
557 671 718 737 scribens:
757 695 799 735 es
827 671 966 734 Aethere
987 684 1017 734 et
1046 672 1107 734 Die
1134 671 1253 745 Terra,

123 787 273 867 Caelum,
295 785 400 864 Mare,
423 783 603 849 manifesto
621 806 691 849 non
716 783 916 862 Hesiodum,
943 784 998 847 sed
1019 784 1101 848 ulios
1126 793 1255 848 secutus

116 910 169 965 est
189 909 355 976 suctores,
378 897 560 961 seeundum
578 896 662 982 ‘quos
684 894 838 962 Ciceroni
859 917 992 982 quoque
1019 897 1061 960 de
1074 895 1113 962 N.
1133 896 1175 962 D.
1192 895 1252 969 111.

119 1016 175 1078 17.
204 1010 291 1075 Coeli
304 1024 456 1099 parentes
481 1011 643 1075 dicuntur
662 1008 786 1073 Aether
802 1021 834 1071 et
854 1009 941 1074 Des.

164 1261 200 1304 v.
217 1238 280 1302 126
289 1260 367 1303 oum
377 1238 506 1305 duobus
515 1237 729 1325 sequentibus
739 1238 822 1301 citat
834 1235 992 1302 Stobeeus
1001 1237 1071 1303 Ecl.
1084 1236 1145 1301 Ph.
1157 1236 1216 1302 XI.
1228 1237 1255 1304 Ι.

119 1356 154 1418 9.
173 1351 322 1439 explicet
343 1351 513 1418 Cornutus
531 1374 566 1440 p.
592 1353 667 1415 175.
696 1351 869 1438 Vsmpnnt
884 1370 940 1417 vv.
964 1351 1039 1416 126.
1068 1350 1142 1416 127.
1161 1373 1257 1438 prae·

119 1477 175 1529 ter
190 1463 423 1552 Theophilum
444 1474 477 1528 et
490 1461 672 1550 Origenem
689 1463 729 1527 ll.
745 1484 792 1527 cc.
808 1460 962 1548 Cyrillus
982 1461 1108 1526 advers.
1131 1461 1256 1527 Iulian.

121 1578 158 1642 d.
180 1577 206 1641 l.
226 1575 310 1642 Orio
331 1578 446 1664 Etym.
469 1599 504 1664 p.
529 1578 605 1641 118.
630 1577 674 1639 30
694 1597 761 1661 seq.
784 1576 900 1662 Etym.
916 1573 961 1640 M.
983 1597 1018 1663 p.
1038 1575 1115 1640 642.
1141 1578 1255 1663 llseq.

122 1683 236 1751 SohoI.
265 1687 306 1751 ad
327 1687 461 1752 Pindar.
486 1686 583 1752 Nem.
602 1686 661 1754 VI.
685 1690 716 1750 1.
763 1687 906 1753 Versum
929 1689 992 1752 126
1020 1710 1099 1752 cum
1120 1689 1259 1754 alterius

120 1810 219 1887 parte
247 1798 390 1864 dimidie
420 1796 532 1864 Schol.
564 1799 604 1863 nd
634 1799 729 1864 Aret.
759 1823 791 1864 v.
821 1801 876 1865 22.
903 1822 937 1888 p.
974 1804 1013 1866 15
1040 1813 1073 1866 et
1095 1804 1171 1869 270.
1194 1803 1256 1868 Ed.

120 1910 224 1978 Buhl.
246 1909 359 1976 schol.
377 1911 418 1977 ed
437 1908 595 1998 Sophocl.
623 1910 748 1977 Electr.
774 1935 807 1975 v.
829 1913 883 1977 86.
930 1913 1124 2001 Respexisse
1145 1915 1258 1980 locum

119 2023 216 2089 huno
239 2023 347 2089 videri
366 2034 475 2111 potest
499 2024 588 2088 Zeno
607 2020 755 2102 Stoicus,
787 2023 969 2089 Hesiodum
983 2026 1135 2114 primum
1158 2026 1259 2093 fuisse
1316 2094 1319 2105 .

88 2210 91 2217 ¹
120 2146 271 2201 statuens
299 2135 442 2224 (rectene
475 2158 519 2200 en
553 2157 658 2212 secus,
685 2134 850 2222 dubites),
881 2136 941 2222 qui
964 2130 1020 2217 τὴν
1044 2131 1109 2228 γῆν
1130 2140 1259 2205 dixerit

121 2243 348 2337 στρογγύλην.
371 2248 449 2315 Vid.
465 2247 603 2335 Diogen.
627 2249 737 2312 Laert.
760 2248 853 2315 VIII.
876 2249 928 2314 18.
955 2248 995 2314 In
1017 2251 1127 2319 verbis
1146 2264 1257 2318 autem

121 2360 247 2428 Galeni
268 2362 459 2429 Comment.
491 2362 529 2426 in
549 2360 711 2449 Hippocr.
736 2360 778 2425 de
798 2361 874 2427 Nat.
900 2360 999 2428 Hom.
1028 2363 1054 2430 I.
1079 2387 1109 2429 e.
1135 2367 1190 2430 25.
1219 2366 1259 2433 Τ.

120 2473 185 2538 ΙΠ.
210 2495 244 2561 p.
273 2476 347 2540 114.
379 2474 416 2541 C.
450 2473 569 2541 Cher-t.
600 2465 656 2537 sni
688 2464 759 2562 γαρ
793 2467 851 2537 καὶ
874 2471 926 2538 νῦν
952 2458 1025 2540 vids
1050 2466 1142 2547 τινας
1167 2467 1261 2544 ἄλλα

119 2576 341 2675 γράφοντας,
367 2569 406 2651 ὧν
431 2577 479 2652 τα
504 2577 771 2675 συγγράμματα
801 2581 869 2658 τοῖς
890 2581 952 2670 μὲν
976 2576 1015 2670 δὴ
1038 2578 1261 2674 συναπέθανε,

119 2694 193 2771 τοῖς
217 2686 254 2765 tt
279 2687 547 2782 τυντεθννὶξεταν,
568 2689 717 2787 καθάπερ
742 2694 800 2765 καὶ
824 2699 883 2764 τοῦ
907 2695 1078 2791 λέγοντος,
1103 2693 1261 2771 eveno

120 2800 203 2880 εἶναι
224 2805 351 2899 μητέρα
374 2805 432 2877 να)
456 2800 577 2892 τιθήνην
607 2805 664 2877 αα)
689 2804 799 2904 ἀρχὴν
823 2808 880 2880 να)
904 2810 1077 2906 στοιχεῖον
1102 2810 1157 2897 τὶν
1182 2811 1261 2898 Γῆνε

121 2919 225 3008 αὐτὴν
248 2915 317 3015 γὰρ
343 2917 400 2989 καὶ
424 2922 480 2993 τόν
499 2916 640 3012 Οὐρανὸν
659 2923 825 3015 γεννῆται,
842 2914 991 3015 καθάπερ
1002 2916 1149 3000 Ἡσίοδός
1162 2926 1261 3014 φησι,

121 3033 182 3106 καὶ
206 3028 254 3104 τὰ
279 3026 350 3123 ζῶα
373 3030 451 3103 κατ’
476 3027 589 3120 αὐτήν,
622 3040 660 3104 in
690 3040 745 3104 his
772 3040 879 3128 igitur
903 3039 1013 3105 verbis
1043 3063 1080 3107 ee
1111 3029 1260 3132 καθάπερ

121 3138 274 3223 Ἡσίοδός
298 3147 382 3237 (Ince
405 3153 527 3218 rectius
551 3153 591 3218 ad
610 3152 681 3216 sole
709 3151 834 3218 referes
853 3153 1011 3241 proxime
1035 3156 1260 3222 antecedentis
1391 3200 1397 3209 -

122 3257 181 3331 καὶ
206 3255 261 3328 τὸν
285 3256 425 3351 Οὐρανὸν
450 3257 624 3353 persicum
647 3286 754 3351 neque
778 3264 870 3330 enim
895 3256 1125 3355 colligendum
1150 3292 1168 3334 e
1194 3268 1261 3336 Ga·

123 3382 213 3457 leno,
230 3362 314 3462 ζῶων
334 3400 466 3465 quoque
488 3377 697 3443 mentionem
720 3375 844 3443 factam
870 3402 888 3444 a
911 3383 1010 3468 poete
1033 3380 1151 3462 fuisse,
1177 3406 1261 3470 quae

123 3515 216 3559 nunc
240 3490 336 3556 absit.
382 3490 494 3578 Neque
518 3514 596 3557 vero
615 3491 657 3556 ad
678 3490 837 3557 Hesiodea
862 3492 943 3560 hsec
963 3494 1004 3560 de
1023 3496 1145 3562 Terrae
1164 3498 1261 3585 prole

123 3605 312 3694 pertinent,
342 3626 426 3690 quse
458 3606 619 3693 legtmtur
655 3604 694 3670 in
722 3602 836 3670 schol.
870 3607 911 3671 ad
936 3607 1092 3695 Euripid.
1118 3608 1257 3699 Hippol.

125 3742 158 3787 v.
192 3721 268 3785 596.
302 3717 425 3783 Matth.
459 3713 506 3806 γῆ
530 3709 662 3786 πάντων
686 3705 791 3804 μήτηρ
817 3709 912 3786 xoris
935 3708 1104 3801 Ἡτὶοδον,
1136 3721 1190 3785 sed
1218 3722 1257 3786 ad

125 3832 226 3899 verbs
247 3834 364 3918 poetae
380 3813 476 3918 ’'Epy.
501 3832 576 3898 563.
623 3833 737 3920 Itaque
756 3856 800 3898 ex
818 3833 890 3899 illis
904 3844 992 3899 certe
1006 3836 1125 3923 nequit
1137 3835 1260 3922 aliquis

125 3943 273 4011 defectus
295 3944 453 4009 hocloco
475 3946 582 4032 argui.
627 3947 823 4025 Ruentem,
841 3969 924 4032 quae
944 3945 1142 4014 Scholiastes
1163 3949 1259 4014 Pela·

19 4140 20 4145 η
125 4058 218 4123 tinus
240 4060 281 4124 sd
296 4057 477 4125 Simmiam
497 4059 538 4126 A.
557 4060 592 4128 P.
611 4061 685 4130 XV.
706 4063 760 4128 24.
781 4062 842 4128 Ed.
860 4062 973 4128 Iacobs
991 4065 1030 4132 T.
1052 4065 1257 4154 111.p.824.

19 4174 20 4215 ἒ
128 4172 167 4237 ad
189 4171 324 4237 Hesiodi
346 4174 581 4239 auctoritatem
606 4177 745 4241 retulit:
771 4162 966 4260 Ἀκμονὶδαν
989 4164 1028 4244 δὲ
1051 4168 1106 4244 τὸν
1120 4170 1259 4267 Οὐρανὸν

19 4294 20 4297 ’
128 4271 287 4354 Ἡσίοδος·
321 4279 425 4349 Γαΐα
448 4270 718 4370 μὲν”Ακμον’
743 4281 917 4353 ἔτικτεν·
951 4278 1020 4355 ἀπὸ
1046 4273 1258 4378 δ”Ἀαμονος
