2967 5209
242 458 316 534 238
690 476 928 528 comitemne
1071 444 1073 449 ⁸
1160 508 1165 525 .

242 669 317 749 poet
344 657 436 723 hunc
460 674 594 721 versum
624 652 784 717 excidisse
813 652 938 729 elium,
973 651 1032 737 qui
1062 671 1183 727 nomen
1211 651 1376 717 habuerit

241 770 360 838 tatise
377 766 509 834 Greeee.
556 762 779 830 Probabiliter
798 762 981 834 Volckertss
1000 762 1038 828 in
1061 761 1270 852 Gecgrephie
1291 764 1375 853 My·

241 883 334 949 thien
351 904 386 970 p.
408 882 460 946 18.
479 877 668 943 ternarium
687 896 871 942 numerum
890 899 909 942 s
929 875 1169 941 recentioribus
1186 876 1375 941 inductum

239 992 384 1070 censuit,
407 1001 448 1055 ut
466 999 572 1055 essent
590 986 714 1053 Greene
730 988 872 1054 totidem
890 1011 927 1053 ac
951 987 1130 1076 Gorgones.
1176 987 1373 1076 Quominus

240 1116 353 1171 sutem
371 1124 505 1171 versum
520 1099 681 1167 excidisse
693 1124 840 1181 censeas,
864 1099 947 1166 facit
965 1100 1078 1180 etiem,
1101 1102 1197 1188 quod·
1211 1103 1265 1167 vel
1275 1124 1372 1167 nunc

239 1218 321 1284 sctis
327 1236 450 1305 magno
470 1214 512 1279 ab
528 1237 561 1280 se
574 1213 755 1281 intervallo
770 1204 1114 1302 111111111Γραίαςτέκε
1124 1226 1157 1279 et
1170 1205 1316 1304 Γοργούς
1324 1202 1368 1281 θ’.

283 1327 432 1396 Alterius
453 1326 628 1392 Hesiodeee
650 1326 775 1395 Gcseee
796 1347 920 1392 nomen
941 1313 1102 1414 ΠὲΦρηθῶ
1122 1328 1296 1394 commode
1309 1349 1369 1393 re-

237 1452 410 1531 peteture
432 1426 613 1527 πέφρωᾶα,
633 1450 673 1503 ut
689 1438 757 1505 Dea
778 1438 859 1505 haec
880 1460 1095 1504 communem
1114 1438 1270 1505 hebuerit
1283 1462 1368 1529 pre·

237 1554 387 1621 dentiam
413 1575 493 1618 cum
516 1553 594 1619 aliie
613 1548 687 1617 Diis
707 1552 860 1618 marinis.
908 1553 1031 1618 Fertur
1051 1552 1169 1639 utique
1190 1574 1226 1620 ee
1248 1552 1367 1620 Perseo

148 1670 153 1681 '
237 1667 331 1735 viam
351 1667 392 1731 ad
410 1664 580 1753 Gorgones
596 1664 767 1731 indicasse.
792 1663 856 1730 Sed
869 1686 887 1730 s
901 1659 1037 1752 πέφορα
1050 1663 1184 1728 duxisse
1196 1663 1365 1730 Hermen-

201 1824 208 1833 ·
237 1801 301 1843 nus
316 1777 450 1844 videtur
463 1779 490 1843 l.
504 1801 533 1842 c.
549 1799 585 1865 p.
600 1781 674 1857 180,
685 1776 741 1842 cui
755 1764 918 1864 Πεφρηδὼ
937 1789 985 1843 est
994 1776 1144 1842 refluxus
1156 1778 1268 1856 meris,
1293 1780 1366 1841 Au·

226 1890 369 1980 strena,
393 1888 592 1956 Latinorum
614 1890 764 1970 Saloni&
788 1882 884 1956 'Fev'e
897 1888 1013 1954 fluxus
1032 1889 1181 1975 aequoris
1194 1888 1363 1952 inundans

235 2003 438 2070 Latinorum
464 2003 604 2070 Venilia.
651 2002 798 2069 Admitti
820 2002 901 2068 haec
924 2001 1072 2090 possint,
1098 2003 1128 2066 si
1148 2001 1364 2067 nominabis

236 2115 351 2181 Greeis
370 2138 438 2181 non
458 2115 613 2204 primum
633 2114 675 2180 eb
702 2114 859 2192 Hesiodo,
884 2116 938 2180 sed
958 2114 1027 2179 iem
1050 2113 1092 2179 ab
1117 2112 1364 2202 antiquioribus

234 2228 363 2294 tribute
394 2239 601 2294 censeatur.
657 2226 743 2294 Item
771 2238 902 2292 certum
922 2225 1048 2305 habeo,
1074 2227 1177 2292 illum
1197 2227 1239 2291 de
1259 2226 1363 2290 mosis

233 2341 333 2407 fluxu
364 2352 397 2406 et
422 2340 564 2406 <refluxu
585 2363 655 2405 nen
680 2340 856 2426 cogitasse,
890 2341 1087 2425 videturque
1113 2339 1202 2404 mihi
1224 2339 1362 2427 quidem

234 2443 329 2519 'Esto
350 2466 422 2518 tem
441 2453 576 2518 Hesiodi
594 2452 708 2531 Graes,
732 2474 835 2540 quem
860 2451 998 2518 Homeri
1024 2454 1090 2517 Dee
1109 2451 1239 2531 beliice,
1257 2453 1362 2540 magis

232 2566 321 2632 dieta
343 2567 384 2631 ab
406 2559 463 2630 itte
484 2564 650 2652 interficio·

276 2814 331 2859 vv.
363 2791 429 2856 274
457 2813 544 2878 seqq.
573 2789 770 2878 Gorgonum
801 2788 953 2855 fabulam
980 2790 1023 2855 ab
1047 2791 1186 2856 Hesiodo
1206 2790 1360 2878 primum

150 2944 152 2949 .
230 2905 405 2979 inventam
430 2928 511 2986 esse,
537 2907 631 2991 eique
652 2906 792 2969 nomina
813 2903 1009 2992 Gorgonum
1030 2904 1153 2984 deberi,
1178 2905 1359 2993 perhibent

230 3015 365 3084 Scholia
389 3019 426 3083 B.
454 3019 493 3085 L.
521 3018 561 3083 ad
583 3017 623 3083 Il.
645 3019 684 3083 Ε.
701 3015 905 3082 741.sch01.
923 3018 968 3082 ·B.
993 3018 1033 3082 ad
1049 3016 1090 3082 11.
1115 3017 1156 3082 Λ
1181 3020 1234 3083 36.
1254 3016 1359 3083 Scho-

230 3131 279 3199 lia
303 3132 341 3198 Β.
355 3130 396 3216 Q.
417 3131 458 3195 ad
482 3128 546 3198 Od.
569 3131 613 3196 A.
636 3132 713 3196 eet.
735 3130 962 3194 consentiente
983 3129 1149 3217 Hesychio
1165 3130 1205 3195 in
1225 3154 1255 3196 v.
1281 3129 1358 3215 Γορ-

228 3234 319 3332 γείην
341 3231 500 3328 κεφαλήν.
532 3243 640 3322 Mihi,
664 3254 703 3307 ut
721 3240 854 3328 Heynio
871 3243 912 3306 ed
926 3243 1082 3328 Apollod.
1103 3241 1197 3309 Obss.
1220 3266 1254 3331 p.
1270 3244 1356 3320 tle,

230 3355 391 3421 videntur
411 3357 453 3421 de
472 3356 587 3421 Perseo
601 3334 761 3432 fabulae,
776 3354 879 3440 deque
900 3376 989 3419 caess
1012 3352 1053 3417 ab
1076 3355 1140 3420 illo
1161 3354 1356 3442 Gorgonum

230 3490 299 3534 une
317 3468 521 3556 antiquiores
537 3468 681 3534 Hesiodo
700 3466 819 3531 fuisse:
842 3467 896 3532 sed
915 3464 1051 3532 fortasse
1065 3468 1124 3533 hio
1142 3470 1274 3557 primus
1289 3464 1356 3533 Me·

228 3581 331 3647 dmee
352 3574 548 3670 συγγένειαν
567 3574 776 3671 γενεαλογεῖν
793 3567 1000 3670 ἐπεχείρησε.

274 3694 326 3762 Ad
355 3684 499 3782 Γοργοὸς
520 3695 556 3758 h.
578 3696 603 3760 l.
625 3695 696 3759 eine
717 3693 822 3758 dubio
844 3693 1029 3781 respiciunt
1048 3693 1160 3759 Schol.
1186 3693 1222 3758 Β.
1251 3694 1290 3758 L.
1316 3693 1355 3757 ed

230 3807 273 3873 Il.
297 3807 341 3871 H·
365 3809 453 3888 349,
480 3808 538 3873 ubi
554 3807 717 3884 traditur,
738 3805 886 3871 formem
907 3807 1049 3870 alteram
1072 3796 1200 3894 Γοργὼν
1222 3829 1293 3871 non
1315 3805 1355 3870 ab

230 3918 372 3987 Hesiodo
400 3921 522 4009 magis,
556 3941 659 4008 quem
687 3917 729 3982 ab
753 3918 897 3983 Homero
919 3917 1084 4004 usurpari.
1132 3917 1292 3985 Attamen
1318 3919 1354 3983 in

230 4033 324 4101 Scuti
345 4058 379 4103 v.
405 4035 482 4100 230.
505 4044 586 4098 sunt
605 4020 759 4120 Γοργόνες
781 4019 937 4108 ἄκλητοι.
970 4030 1139 4095 Postremo
1157 4054 1270 4119 verens
1291 4029 1356 4097 274

230 4147 366 4236 respicit
387 4145 649 4235 Agathomhidee
674 4144 717 4208 de
732 4143 821 4209 Meri
840 4140 961 4209 -R'ubro
974 4164 1009 4230 p.
1030 4143 1104 4210 444.
1125 4134 1186 4209 td.
1204 4144 1352 4209 Bekkeri.

279 4253 380 4347 Πέρην
402 4257 525 4326 κλυτοῦ
546 4249 711 4325 Ὠκεανοῖο
735 4256 769 4321 id
793 4268 859 4336 est,
882 4259 918 4322 in
945 4256 1056 4344 alique
1075 4256 1186 4323 insula
1213 4254 1349 4332 Oceani,
