2967 5209
200 448 201 451 ,
217 379 287 454 1³6
652 405 894 453 couusnrsuws

211 580 309 651 editis
330 578 467 645 additur
500 547 541 650 ὧι
571 565 703 666 ἐν’ρητοιι.
749 577 860 658 Alibi,
890 578 979 671 quod
1010 577 1137 657 soism,'
1161 578 1232 643 eius
1262 600 1336 646 aree

209 691 339 763 mentio
359 713 431 756 non
457 701 575 758 exstat.
623 692 686 757 Res
707 690 813 783 igitur
832 690 889 755 hio
911 700 1119 757 memoratur
1141 691 1278 777 antiqua
1302 703 1335 757 et

210 803 379 882 Hesiodei,
400 826 471 870 non
489 802 684 869 recentioris
704 804 788 869 aevi.

253 1052 308 1097 vv.
331 1030 453 1095 5-10.
476 1026 596 1096 Vereri
615 1050 648 1093 se
666 1027 759 1092 dixit
771 1025 932 1114 Heynius,
952 1048 995 1091 ne
1012 1025 1070 1092 hic
1088 1027 1179 1092 locus
1197 1027 1335 1092 alterius

112 1223 114 1227 ,
209 1144 254 1208 sit
276 1146 403 1232 poitae.
466 1142 555 1209 Mihi
582 1142 742 1208 videntur
766 1140 881 1206 omnia
909 1139 989 1221 haec
1011 1140 1167 1228 ⁴potuisse
1195 1139 1237 1204 ab
1265 1134 1334 1206 'uno

207 1258 306 1344 po'ota
328 1253 494 1343 proficisci
515 1256 667 1342 placente
686 1252 752 1318 sibi
774 1252 811 1317 in
834 1252 1134 1318 commemorandis
1157 1253 1220 1332 iis,
1251 1275 1334 1338 quae

207 1368 248 1433 ad
266 1367 375 1435 Musas
397 1380 431 1435 et
448 1367 642 1433 Heliconem
664 1365 893 1453 pertinerent:
918 1386 993 1441 neo,
1009 1365 1113 1450 ¹quod
1126 1364 1258 1452 Heynio
1282 1364 1333 1427 vi·

206 1503 303 1558 sum,
330 1480 513 1567 tautologia
533 1477 638 1544 estin
661 1477 716 1543 his
738 1468 794 1541 κοιὶ
813 1491 851 1540 τε
870 1466 941 1562 περὶ
963 1462 1071 1562 κρήνην
1093 1464 1214 1542 ἰοειδέα
1230 1467 1333 1541 οοὸοο’

205 1582 385 1658 demotos
416 1581 619 1682 Ὀρχεῦντοιι
641 1600 674 1655 et
695 1577 875 1678 ἀκροτάτῳ
897 1581 1037 1653 Ἑλικῶνι
1063 1577 1186 1677 χὸρονς
1212 1576 1334 1654 ἓνεοοοιυ

101 1712 105 1723 ’
204 1691 338 1785 ἥδοιντο.
375 1704 467 1769 'Nam
485 1702 634 1768 diversae
657 1713 808 1789 tempore
831 1712 864 1765 et
893 1701 967 1766 loco
988 1698 1161 1765 Musarum
1186 1698 1333 1767 saltatio.

205 1839 262 1885 nes
279 1826 528 1893 memorantur,
551 1815 656 1881 altera
671 1815 760 1901 circa
780 1811 911 1881 fontem
932 1836 969 1879 ac
992 1812 1080 1881 Iovis
1099 1837 1209 1894 aram,
1229 1816 1332 1880 altera

205 1931 243 1999 in
268 1930 427 1997 Helicone
449 1951 592 1995 summo.

248 2179 304 2224 vv.
324 2161 355 2224 5.
376 2159 420 2230 6.,
432 2149 629 2245 Περροηοοὸι
650 2170 685 2224 et
705 2148 860 2243 Ὁλριεΐος
882 2159 1020 2223 nomina
1038 2171 1117 2224 sunt
1134 2158 1331 2234 fluviorum,
1354 2134 1356 2139 ¹

203 2269 369 2359 originem
392 2293 435 2335 ex
458 2270 618 2338 Helicone
638 2271 836 2336 ducentium
858 2282 891 2335 et
910 2271 948 2335 in
969 2271 1120 2338 Boeotiae
1139 2272 1250 2337 lacum
1269 2269 1331 2336 Co·

203 2384 336 2472 pe‘idem
367 2382 615 2451 confluentium
649 2406 754 2472 prope
777 2384 981 2457 Haliartum.
1015 2385 1106 2475 (Vid.
1124 2384 1247 2450 Strabo
1271 2385 1330 2451 IX.

201 2517 237 2584 p.
259 2493 351 2580 407.)
397 2496 584 2566 Permessus.
601 2495 798 2563 Heliconem
821 2495 1055 2593 circumfluere
1073 2499 1198 2565 dicitur
1217 2498 1332 2563 Pausa-

176 2605 278 2673 'niae
308 2605 367 2671 IX.
392 2609 445 2672 29.
492 2607 689 2671 Permessum
711 2618 745 2673 et
765 2608 925 2681 Holmium
948 2610 1094 2677 iunctim
1114 2634 1245 2699 quoque
1262 2631 1332 2675 me·

204 2738 356 2809 morans,
378 2716 504 2783 Statius
526 2718 591 2784 Th.
614 2719 689 2787 VII.
711 2721 777 2787 283
794 2742 858 2806 seq.
880 2721 984 2787 huius
1004 2723 1091 2802 loci,
1117 2735 1157 2788 ut
1177 2724 1329 2801 videtur,

200 2850 332 2897 memor
359 2827 437 2895 fuit.
484 2829 721 2919 Hippocrenen
746 2843 779 2899 et
803 2831 1002 2922 Aganippen
1024 2833 1138 2923 (supra
1157 2859 1189 2900 v.
1217 2833 1251 2923 3)
1276 2836 1331 2901 di-

201 2964 311 3010 versos
341 2942 380 3011 in
414 2942 573 3011 Helieone
599 2940 709 3009 fontes
738 2956 907 3010 memorat
940 2943 1077 3012 Solinus
1105 2970 1134 3014 c.
1161 2950 1192 3013 7.
1215 2971 1331 3036 eosque

198 3054 381 3144 distinguit
400 3057 504 3123 etiam
528 3055 672 3125 Ovidius
696 3057 775 3123 Met.
796 3057 838 3124 V.
863 3059 941 3126 312.
969 3059 1102 3125 tametsi
1126 3058 1329 3133 ¹confundere

200 3165 309 3233 videri
327 3167 431 3254 possit
451 3169 539 3235 Fast.
562 3170 603 3237 V.
623 3172 654 3235 7.
675 3168 735 3235 ubi
753 3171 979 3257 Aganippidos
996 3171 1214 3259 Hippocrenes
1234 3197 1328 3240 mon·

198 3279 260 3343 tio.
306 3279 355 3343 De
383 3277 489 3353 fontis
514 3280 737 3369 Hippocrenes
762 3282 892 3370 origine
918 3295 951 3351 ot
978 3305 1073 3349 causa
1092 3286 1242 3351 nominis
1261 3287 1329 3376 agit

201 3391 324 3458 Aratus
345 3392 410 3454 216
431 3414 537 3479 seqq„
558 3393 617 3458 ubi
635 3392 748 3460 Schol.
768 3395 808 3463 ad
823 3418 856 3461 ν.
873 3397 938 3461 205
961 3383 1077 3484 ἐίληφε
1097 3389 1215 3478 -τήν
1235 3392 1329 3465 ἱστο-

199 3494 267 3591 ρὶοιν
299 3492 378 3591 παρ’
410 3493 574 3572 Ἡσιόδου·
606 3494 660 3572 διό
681 3501 782 3591 Φηοιν
806 3498 847 3571 οἱ
870 3502 1020 3592 νομῆες
1044 3506 1203 3599 πρῶτοι
1229 3500 1328 3579 ἐκεῖνο

201 3610 240 3682 το
260 3605 391 3683 κότον
412 3604 555 3705 κρήνην
574 3606 759 3705 ὥνὸριοιοοιν,
781 3619 841 3685 ubi
855 3621 1035 3709 legendum
1056 3624 1190 3690 videtin
1203 3610 1327 3693 ‘'Innov

202 3717 329 3818 κρήνην,
352 3754 430 3797 cum
451 3731 650 3821 respiciatur
674 3733 716 3798 sd
733 3730 829 3807 Arati
852 3754 884 3798 v.
904 3733 967 3798 221
989 3758 1055 3823 seq.

781 3936 784 3941 ‚
908 3841 938 3913 οἱ
962 3835 998 3914 a
1023 3842 1136 3934 νομήει

321 3950 441 4044 πρῶτον
465 3954 547 4024 κεῖνο
572 3951 672 4025 πότον
697 3947 896 4046 διεφήμισαν
912 3949 1035 4030 Ἵππον
1061 3948 1177 4048 κρήνην.

243 4068 379 4136 Poot'am
401 4073 493 4140 hunc
514 4066 637 4159 νοριήοιι
658 4086 905 4155 memorantem
928 4075 968 4139 de
991 4085 1121 4161 pastore
1146 4075 1325 4163 eodemque

197 4189 295 4274 poeta
324 4188 463 4257 Ascraeo
503 4191 658 4278 cogitasse
697 4215 765 4257 non
800 4192 1001 4283 negaverim.
1066 4188 1127 4257 Sed
1161 4192 1321 4268 historia,
