2967 5209
587 244 599 289 t

481 503 512 550 ut
537 502 662 552 aasloot
684 504 895 554 rnaoeoann.
1181 481 1249 555 261

499 582 507 589 -
589 595 600 620 ,
645 596 652 604 .

126 673 271 762 benigno
289 675 416 740 terreni
435 674 591 741 humoris
604 675 775 764 principio
788 686 888 754 ortas,
908 686 983 739 tum
1001 675 1142 764 perinde
1154 687 1252 763 atque

126 786 204 853 illos
222 799 330 854 terrae
347 789 453 878 magis
473 774 634 869 numina,
651 811 752 878 quam
774 790 878 854 maria
900 788 946 878 (r.
958 788 1035 856 346.
1056 788 1252 878 aratque-

125 917 204 966 rum
223 900 367 991 proinde
393 902 633 999 Nympharum
653 915 774 970 natura
798 902 865 968 alia
887 914 969 968 esset
992 925 1029 968 ao
1051 903 1249 995 Nereidum,

124 1034 185 1077 nec
204 1012 272 1078 nisi
288 1013 448 1080 hactenus
467 1012 510 1080 ab
525 1025 647 1081 natura
665 1015 847 1082 Meliarum
856 1038 913 1081 seu
924 1016 1100 1104 Dryadum
1109 1016 1249 1096 diversa,

121 1124 212 1213 quod
229 1123 294 1196 hae
314 1127 426 1215 sylvas
442 1137 577 1198 tantum
597 1128 784 1211 servabant,
799 1128 979 1196 Oceanides
995 1129 1118 1218 passim
1139 1148 1249 1219 vagae,

121 1249 199 1302 tum
219 1239 342 1326 sylvas,
354 1250 431 1304 tum
452 1228 517 1306 alia
534 1251 642 1308 terrae
657 1242 731 1308 loca
750 1240 900 1320 obibant,
921 1264 958 1307 ao
976 1242 1077 1307 modo
1094 1242 1132 1308 in
1152 1243 1251 1308 terris

122 1350 228 1416 modo
251 1350 289 1416 iu
319 1340 482 1440 aquarum
511 1351 744 1442 profunditate
776 1354 1006 1423 versabantur.
1025 1396 1027 1403 ι
1062 1353 1251 1421 Secundum

121 1467 229 1548 bano,
252 1469 503 1557 pervulgatam,
529 1479 569 1535 ut
596 1468 748 1549 videtur,
768 1470 810 1537 de
831 1467 1018 1558 Nymphis,
1045 1467 1175 1535 Oceano
1196 1491 1251 1558 ge·

122 1579 224 1660 nitia,
245 1579 438 1669 opinionem
455 1581 675 1671 intelligitur,
698 1582 866 1668 quomodo
889 1582 970 1649 illae
987 1606 1006 1649 a
1022 1581 1130 1671 puetis
1145 1581 1252 1647 oomi·

121 1702 173 1758 tes
190 1692 264 1758 dari
276 1692 451 1782 potuerint
468 1691 604 1760 Na'iasin
621 1694 835 1783 ao·Dryasin‚
857 1694 1047 1783 legentique
1059 1694 1157 1761 flores
1172 1695 1250 1760 Pro·

119 1805 274 1894 salpinae
297 1817 331 1871 et
352 1804 670 1873 venatriciDianae.
698 1806 778 1874 Vid.
801 1806 901 1873 Hom.
922 1805 1022 1872 urin
1039 1806 1113 1876 Cer.
1135 1810 1165 1874 5.
1186 1808 1251 1873 tre

119 1938 209 2006 seqq.
235 1916 374 1986 callim.
395 1917 436 1986 Η.
457 1917 496 1984 in
516 1920 617 1987 Dian.
640 1922 693 1985 1³.
712 1919 838 2007 virgil.
858 1919 915 1988 lv.
929 1917 972 1986 G.
990 1920 1068 1986 344.
1084 1922 1146 1987 331
1160 1943 1248 2009 seqq.

121 2030 297 2110 ceterum,
320 2041 361 2096 ut
378 2051 542 2119 aquarum
560 2031 720 2122 Nympha
739 2031 858 2121 Egeria
878 2030 1003 2099 credita
1017 2029 1088 2097 fuit
1102 2033 1248 2099 Numam

119 2141 273 2217 consiliis
291 2142 474 2222 instruere,
496 2142 713 2212 sie'unirerse
731 2142 914 2232 providum
928 2142 1121 2231 iustumque
1139 2157 1173 2211 et
1188 2150 1251 2236 op'e

118 2254 327 2344 eonsilioque
350 2266 550 2345 promptum
569 2253 724 2320 habitum
743 2265 793 2322 ast
811 2277 913 2322 omne
932 2254 998 2325 boo
1012 2255 1252 2346 Nympharum

120 2396 240 2463 genus,
266 2395 368 2461 quam
390 2385 549 2441 naturam
565 2372 746 2441 Oceanides
760 2373 897 2460 quidem
916 2385 1049 2463 epatre
1068 2375 1250 2454 duxerint,

119 2510 192 2554 uno
218 2487 381 2555 Titanum
405 2487 562 2554 omnium
582 2487 735 2553 maxime
756 2486 935 2576 prudenti,
963 2488 1126 2575 iustoque.
1174 2488 1254 2553 Per·

121 2600 235 2669 tinent
250 2600 319 2667 bno
336 2601 476 2667 nomina
487 2599 694 2668 Oceanidum
716 2587 823 2667 [lesbio
840 2599 885 2690 (v.
902 2596 993 2686 343.)
1019 2591 1138 2683 Ζευξὼ,
1152 2588 1252 2668 'laets

124 2714 172 2805 (v.
191 2704 292 2803 362.)
325 2701 480 2780 Mesate
510 2712 555 2803 (v.
583 2710 674 2807 357.)
706 2704 830 2795 Μῆτις,
850 2701 1004 2780 Tetradis
1030 2712 1079 2796 (v.
1103 2712 1194 2800 359.)
1219 2725 1253 2778 et
1366 2774 1369 2779 x

118 2826 211 2914 quod
236 2848 299 2916 per
328 2820 449 2918 Στύγα
483 2825 528 2917 (v.
550 2824 643 2914 361.)
673 2825 732 2893 Dii
751 2824 920 2891 iurabant.
967 2825 1252 2891 Praestantissimo

123 2950 220 3028 patra
234 2937 362 3028 genitas
381 2948 584 3026 praestantes
602 2936 690 3004 filias
704 2935 927 3027 probabiliter
940 2949 1173 3003 memorantur
1187 2935 1251 3001 sibi

120 3051 277 3140 coniuges
299 3050 472 3117 adscivisse
488 3050 650 3116 Titanum
671 3074 709 3117 ao
727 3051 877 3117 Deorum
896 3049 1065 3139 primarii,
1082 3047 1256 3114 Thaumas

122 3167 294 3234 Electram
325 3163 371 3253 (v.
397 3160 490 3251 265.)
523 3160 646 3230 Nereus
676 3163 802 3231 Dorida
829 3163 874 3254 (v.
898 3162 987 3248 240.)
1016 3161 1148 3251 Iapetus
1168 3160 1251 3250 Cly·

120 3299 246 3345 menen
264 3276 310 3367 (v.
324 3276 414 3365 507.)
423 3278 480 3345 sol
491 3278 675 3345 Perseidem
688 3275 733 3371 (v.
752 3273 847 3365 957.)
866 3275 973 3342 Pallas
991 3272 1147 3365 Styga(v.
1158 3272 1251 3362 383.)

122 3392 256 3481 Iupiter
275 3391 382 3458 Metin
403 3391 448 3481 (v.
472 3388 563 3478 366.)
583 3401 617 3456 at
635 3390 857 3479 Eurynomen
880 3388 926 3479 (y.
949 3385 1040 3476 907.)
1068 3389 1251 3455 seeundum

118 3504 283 3595 quosdam
303 3504 406 3572 etiam
430 3505 530 3572 Pluto
556 3505 601 3594 (v.
625 3500 737 3595 355),
764 3505 852 3569 unde
872 3503 1033 3568 Tantalus
1056 3514 1247 3592 prognatus.

121 3618 201 3687 Vid.
220 3617 347 3710 Hygin.
370 3617 397 3685 f.
419 3620 475 3689 82.
495 3629 529 3686 et
553 3617 602 3685 ibi
621 3618 695 3694 VV.
714 3618 787 3684 Du.
806 3615 883 3683 Sole
901 3628 935 3681 et
953 3615 1102 3702 Perseide
1121 3615 1251 3702 genitus

121 3731 238 3801 Aeetes
266 3730 407 3820 coniuge
435 3731 506 3819 ipse
533 3752 664 3819 quoque
691 3729 813 3820 dignus
845 3726 982 3793 habitus
1010 3738 1058 3793 est
1084 3725 1250 3792 Oceanide
1357 3730 1361 3735 ’

122 3845 220 3912 lduia
245 3843 292 3935 (r.
313 3841 405 3934 938.)
428 3863 608 3932 paremque
628 3841 672 3910 ob
699 3864 831 3908 causam
852 3863 960 3907 uxore
982 3837 1156 3906 Callirhoe
1180 3861 1248 3902 non

120 3957 284 4047 indiguus
310 3955 447 4024 habitus
478 3955 648 4043 Chrysaor
677 3956 723 4046 (v.
752 3952 856 4042 287.).
918 3952 1026 4030 Alias,
1051 3938 1251 4016 memoratas

122 4072 197 4152 hta,
227 4069 412 4138 Oceaninas
442 4068 592 4148 tametsi,
617 4091 699 4155 quae
728 4091 781 4136 res
804 4066 954 4132 maxime
972 4062 1249 4142 nobilitaverint,

122 4186 165 4251 de
181 4184 349 4274 plerisque
374 4183 464 4250 haud
483 4181 562 4249 satis
580 4198 673 4247 nunc
693 4192 861 4261 tenemus,
887 4191 1036 4246 attamen
1056 4178 1119 4245 hoc
1141 4188 1252 4244 tenere

120 4297 221 4365 nobis
243 4296 416 4378 videmur,
440 4297 581 4365 nullum
606 4296 661 4362 hio
690 4295 731 4361 ab
757 4294 898 4362 Hesiodo
919 4291 1068 4383 positum
1090 4314 1155 4357 esse
1186 4314 1250 4356 no·
