2967 5209
472 512 504 557 in
529 509 655 558 uusrom
678 507 892 557 rnaoconnn.
1174 482 1246 556 265

176 707 208 752 v.
227 686 303 750 357.
326 668 478 746 Maecia
499 691 581 747 etv.
606 682 680 747 358.
704 668 858 747 Tereo-db
878 681 998 770 probas
1018 701 1083 745 esse
1103 676 1246 760 formas,
1355 682 1357 687 ’

130 796 262 862 erudite
286 791 430 858 ostendit
458 790 667 858 Muetzellins
688 813 722 879 p.
745 788 809 859 148
829 778 935 880 seqq„
958 790 1017 856 ubi
1040 803 1152 857 tamen
1171 790 1247 869 ille,

129 909 173 974 de
192 903 385 972 nominibus
402 901 609 969 feminarum
624 902 663 968 in
685 921 709 966 ω
729 903 929 970 exeuntibus
949 904 1141 992 disputans,
1158 902 1250 969 haud

132 1021 211 1087 satis
244 1018 401 1106 expedire
431 1017 521 1082 mihi
554 1016 706 1096 videtur,
736 1017 823 1083 unde
848 1018 893 1082 sit
917 1018 980 1083 illa
1007 1015 1251 1082 femininorum

132 1130 329 1199 terminatio
359 1131 398 1194 in
426 1148 449 1192 ω
477 1152 539 1218 pro
566 1130 698 1217 vulgari
723 1130 762 1195 in
793 1149 817 1193 cc
837 1131 892 1196 vel
915 1146 944 1207 η.
978 1127 1143 1218 Equidem
1162 1128 1252 1194 illud

134 1265 160 1310 ω
189 1253 397 1308 contractum
423 1255 506 1331 puto
537 1266 581 1310 ex
610 1230 656 1320 6η.
696 1239 793 1308 Certe
819 1240 1041 1329 probabiliter
1061 1241 1165 1317 dicas,
1188 1261 1254 1305 esse

135 1345 291 1443 Ἀμφιρὼ
321 1377 383 1443 pro
416 1346 592 1443 Ἀμφιρόη,
624 1367 664 1420 ut
685 1343 826 1434 Πολυξὼ
847 1375 910 1441 pro
931 1341 1093 1435 Πολυξόη.
1125 1351 1255 1440 Quidni

134 1467 294 1534 similiter
312 1467 357 1531 sit
377 1455 530 1533 Μενεσθῶ
551 1490 613 1555 pro
635 1454 811 1544 Μενεσιθὸη
822 1507 835 1546 ,
860 1454 1012 1531 Τελεσθῶ
1032 1487 1094 1552 pro
1115 1463 1255 1530 Τελεσι-

138 1568 213 1661 idn,
235 1580 399 1667 quomodo
413 1602 557 1668 congrue
579 1580 647 1645 dici
669 1588 844 1666 promptae
860 1600 922 1665 ope
940 1588 974 1643 et
997 1578 1137 1643 consilio
1154 1575 1255 1643 Ocea·

138 1692 239 1756 ninae
264 1697 420 1778 potuere,
448 1704 490 1756 ut
509 1693 578 1758 viri
611 1677 775 1778 'Apiidooc
805 1714 830 1758 s.
865 1677 1031 1777 Ἀρῆϊθος,
1047 1677 1208 1778 Πειρὶθοος
1229 1713 1254 1755 s.

137 1792 290 1891 Heiptdoc·
314 1803 355 1868 In
376 1791 480 1870 nasib
501 1815 623 1883 autem,
646 1790 805 1889 ltpvprd,
840 1791 970 1883 Ἰππῶ,
996 1791 1124 1884 Ζευξῶ,
1147 1802 1258 1868 litov-

138 1907 207 1998 τὸ,
227 1901 378 1997 Komba
409 1916 548 2002 aliisque
571 1913 759 1992 similibus,
787 1914 1033 1980 terminationis
1053 1915 1141 1980 ratio
1158 1914 1257 1992 hinc,

139 2029 179 2094 ni
195 2026 314 2107 fallor,
336 2027 478 2117 petenda
497 2038 562 2103 est,
582 2026 671 2113 quod
681 2026 867 2112 antiquitus
881 2026 962 2092 haec
975 2049 1105 2113 quoque
1120 2027 1260 2092 nomina

139 2142 179 2206 in
195 2141 262 2205 fine
285 2130 320 2219 6η
340 2138 547 2216 habuerrmt,
563 2148 603 2202 ut
621 2138 667 2202 sic
681 2138 836 2225 primum
856 2125 992 2217 Πειθόη,
1014 2138 1134 2203 deinde
1156 2127 1260 2205 Πειθὼ

140 2250 304 2318 meunt.
350 2248 439 2317 eum
470 2237 624 2329 ueruto
653 2250 801 2315 matun
830 2250 997 2319 numen.
1028 2274 1064 2340 p.
1089 2254 1163 2321 149.
1193 2236 1262 2319 vni

142 2385 267 2429 nomen
289 2350 453 2441 Μενὲσθης
475 2363 565 2450 apud
582 2360 678 2428 Hom.
697 2361 739 2429 ΙΙ.
759 2363 798 2429 Ε.
810 2365 887 2429 609.
897 2374 931 2428 et
944 2366 1090 2430 alterum
1102 2365 1261 2441 nobilius,

144 2462 336 2546 Μενεσθεὺς.
374 2475 471 2543 Valet
489 2475 569 2553 hoc,
589 2477 728 2563 opinor,
751 2464 949 2547 Μενεσὶθεος.

189 2724 223 2768 v.
257 2705 332 2770 359.
364 2689 516 2785 Καλϋψῶ
546 2702 634 2789 apud
659 2701 815 2790 Apollcd.
841 2702 866 2768 Ι.
887 2702 931 2769 Π.
954 2708 988 2770 6.
1008 2705 1099 2769 inter
1117 2703 1266 2770 Nereides
1354 2743 1358 2759 κ

145 2826 362 2881 memoratur.
399 2814 463 2882 Sed
487 2837 566 2879 cum
589 2814 729 2879 Hesiodo
760 2812 843 2880 facit
858 2814 956 2881 Hom.
982 2815 1023 2881 Η.
1041 2815 1079 2880 in
1097 2814 1171 2882 Cer.
1190 2817 1265 2882 422.

145 2937 187 2991 ut
213 2926 342 2992 diversa
369 2927 428 3005 sit,
461 2924 510 2990 ibi
547 2937 644 3012 atque
668 2923 726 2990 hic
755 2938 957 3004 memorata,
978 2926 1019 2992 ab
1039 2925 1205 2992 nobiliore
1223 2950 1267 2993 ex

146 3037 291 3126 Odyssea
305 3037 454 3104 Atlantis
467 3037 539 3103 filia
562 3022 711 3117 Καλυψώ
735 3035 839 3126 (infra
864 3036 1041 3123 v.1017.).
1083 3027 1151 3104 Est'
1167 3037 1267 3103 Ocea·

146 3150 230 3216 nina
262 3136 410 3231 Καλυψὼ
443 3148 669 3237 GoettlingiO,
695 3171 775 3237 quae
798 3150 864 3212 luto
878 3150 1043 3237 foecundo
1068 3150 1189 3223 inducit
1208 3165 1269 3214 ten·

59 3290 64 3299 ·
148 3287 234 3344 mm,
259 3286 328 3326 anm
347 3287 442 3351 super
470 3271 557 3351 ripas
581 3263 687 3348 effluit.
723 3260 917 3349 Quaerenda
945 3264 1025 3328 haec
1048 3264 1115 3330 luti
1137 3265 1270 3353 signifi-

147 3378 235 3444 catio
249 3378 287 3442 in
310 3368 418 3459 ’Acin
440 3400 509 3443 non
527 3376 565 3439 in
588 3362 751 3457 Καλυψὼ,
765 3397 847 3462 quae
859 3375 1066 3464 probabilius
1075 3376 1268 3444 Hermanno

149 3490 335 3578 exponitur
359 3489 460 3553 tatem
478 3489 533 3554 vel
557 3488 738 3551 occultans:
758 3510 864 3574 neque
882 3499 995 3555 tamen
1010 3502 1160 3555 constare
1179 3490 1270 3555 mihi

149 3604 296 3683 videtur,
318 3624 383 3667 esse
400 3603 436 3667 id
449 3602 487 3668 in
507 3611 690 3667 memorata
704 3587 761 3666 hic
781 3600 941 3689 Nympha
960 3603 1000 3667 ad
1017 3625 1114 3690 aquas
1125 3601 1270 3668 referen-

151 3720 254 3797 dum,
283 3739 361 3783 oum
388 3717 479 3782 idem
508 3738 632 3781 nomen
660 3715 829 3781 tributum
855 3716 900 3780 sit
926 3716 1074 3782 Atlantis
1098 3718 1205 3795 filiae,
1235 3740 1271 3781 ac

153 3830 353 3920 simpliciter
376 3826 542 3893 muliebre
560 3826 675 3893 haberi
698 3826 812 3914 possit,
839 3848 858 3889 a
883 3826 1073 3891 velamento
1091 3837 1248 3894 tractum.

203 4083 233 4126 v.
261 4059 336 4125 360.
379 4056 487 4123 Huius
515 4054 581 4119 loci
605 4075 735 4117 memor
767 4052 867 4118 Laur.
898 4050 1011 4138 Lydus
1038 4050 1078 4115 de
1107 4051 1273 4117 Mensibus

21 4144 30 4153 .
157 4195 192 4261 p.
212 4171 265 4238 tt.
290 4157 445 4256 Otidcpod
476 4166 533 4233 τοῦ
555 4160 613 4245 τῆς
633 4161 754 4255 Τύχης
771 4154 928 4248 ὀνόματος
946 4153 1089 4250 ’Όμηρος
1100 4159 1273 4249 μέμνηται·

158 4270 308 4354 ‘Hdicdm
328 4274 451 4365 μέντοι.
493 4279 625 4351 Scilicet
653 4279 688 4344 in
703 4279 816 4344 'Iliade
840 4289 872 4343 et
893 4275 1035 4364 Odyssea
1058 4300 1182 4379 nomen
1200 4275 1273 4343 To·
