2967 5209
662 450 926 520 ΗΣΙΟΔΟΥ

374 637 532 729 ἑστάσιν,
552 636 649 721 deiris
672 638 708 717 δὲ
729 646 809 715 κύον
835 637 1031 743 προπάροιθε
1054 639 1246 736 φυλάσσει,

278 759 350 833 770
374 759 502 851 νηλειής·
524 762 646 863 τέχνην
668 762 703 840 ii
728 766 827 855 κακην
845 768 932 866 ἔχει·
952 761 986 846 ἒς
1005 766 1066 860 μὶν
1085 765 1190 847 ίύντας

372 885 473 960 σαίνει
497 884 584 980 ὁμῶς
609 889 682 984 οὐρῇ
708 889 826 962 τεκαὶ
850 890 962 962 ούασιν
989 888 1244 986 ἀμφοτέροισιν,

372 1003 509 1098 ἐξελθεῖν
532 1005 564 1083 θ’
587 1012 644 1083 οὐκ
664 1001 759 1090 αύτιι
776 1007 818 1105 iq?
838 1008 964 1102 πάλιν,
986 1011 1080 1085 ἀλλά
1101 1008 1236 1085 δοκεύων

371 1126 468 1205 ἓσθίει
485 1130 520 1207 θν
539 1158 577 1205 κε
596 1130 729 1229 λάβησι
751 1136 879 1209 πυλέων
896 1128 1048 1206 ἐ’κτοσθεν
1072 1130 1161 1206 ίύντα

372 1251 510 1349 ἰφθίμου
536 1257 566 1328 τ’
589 1252 705 1330 Ἀθθεω
726 1256 785 1330 καί
806 1252 936 1344 ἐπαινῆς
955 1253 1200 1351 Περσεφονείης.

276 1371 348 1447 775
415 1368 513 1454 ’Ἔνθα
533 1374 569 1454 dl
591 1375 731 1454 accersiti
755 1379 900 1476 στυγερὴ
922 1374 989 1457 θεὸς
1011 1373 1222 1467 ἀθανάτοισι,

373 1496 456 1591 θεινη
477 1499 569 1592 Στὺξ
592 1498 737 1599 θυγάτηρ
762 1497 925 1598 ἀψορρόου
951 1500 1115 1573 Ὠκεανοῖο

371 1620 615 1718 πρεσβυτάτη,
638 1622 753 1717 νύσφιν
775 1620 814 1698 li
836 1619 913 1697 θεῶν
934 1621 1047 1696 κλυτά
1068 1615 1211 1716 θύματα
1228 1621 1306 1695 ναίει

369 1744 532 1839 μακρῇσιν
552 1745 692 1840 πέτρησι
712 1742 909 1840 κατηρεφέ’·
934 1742 1030 1839 ἀμφὶ
1055 1740 1095 1820 ll
1118 1740 1230 1840 πάντη

369 1863 472 1939 κίοσιν
490 1861 678 1965 ἀργυρέοισι
699 1865 778 1962 πρθο
802 1865 927 1962 οὐρανὸν
949 1862 1150 1962 ἐστήρικται.

276 1979 349 2056 780
374 1993 484 2084 παύρα
503 1984 542 2063 di
561 1992 762 2084 Θαύμαντος
784 1984 932 2085 θυγάτηρ
955 1984 1058 2069 πύθαι
1080 1987 1166 2063 ὠκέα
1186 1981 1260 2083 Ἶρις

611 2188 748 2239 VARIAE
769 2189 972 2237 LEGTIONES.

196 2357 198 2362 ,
259 2317 295 2353 vs.
317 2304 378 2353 toa.
397 2298 488 2353 ἱστᾶσι
508 2303 573 2352 Flor.
592 2303 622 2351 D.
642 2302 699 2350 liat.
713 2300 771 2350 Par.
809 2314 851 2347 sus
868 2300 909 2347 hie
926 2298 1089 2361 praetermitti
1107 2299 1147 2346 vix
1161 2298 1211 2346 ullo
1228 2306 1300 2360 pacto
1312 2311 1361 2359 po-

224 2389 252 2437 C.
272 2389 295 2437 i.
314 2389 393 2439 liehd.
413 2384 519 2438 ἑστῶσιν
537 2389 618 2437 Enim.
808 2384 883 2432 tuerit
901 2382 965 2444 (scil.
982 2397 1013 2431 ne
1028 2381 1206 2432 confundantur
1221 2378 1302 2431 πυλαῒ
1319 2395 1362 2430 vs.

259 2489 296 2523 vs.
317 2477 378 2524 770.
399 2471 495 2537 τέχνην
510 2472 556 2536 μὲν
569 2471 646 2532 κακὴν
661 2473 727 2522 Flor.
740 2473 771 2521 D.
810 2470 871 2516 773.
890 2475 1039 2515 memoratae
1057 2481 1113 2516 cum
1127 2467 1267 2516 memoratis
1282 2482 1360 2529 supra

223 2553 300 2619 ἐσμὲν
317 2559 374 2608 ΑΜ.
394 2560 477 2608 Trina.
808 2567 834 2601 v.
852 2553 1000 2609 raa-iti,
1018 2553 1125 2614 denique
1143 2554 1168 2602 in
1181 2553 1299 2614 quosdam
1311 2553 1359 2603 Co-

258 2658 296 2692 vs.
317 2644 379 2690 lla,
398 2637 468 2700 αὖθις
485 2644 544 2691 Par.
563 2642 591 2691 C.
611 2641 690 2691 liehd.
809 2637 875 2686 dices
894 2637 983 2685 cadere
1009 2638 1097 2685 iustam
1120 2638 1262 2687 recentioris
1282 2650 1360 2686 curae

259 2743 297 2778 ts·
317 2731 378 2778 tto.
398 2731 482 2778 πνλύν
499 2729 557 2777 Par.
576 2729 606 2776 Β.
809 2722 981 2785 suspicionem.
1010 2716 1285 2772 &censionarium
1298 2722 1359 2771 Par.

259 2828 296 2862 vs.
315 2814 377 2860 i'll.
398 2814 530 2863 delendum
548 2813 642 2861 censuit
657 2812 773 2860 Ruhnle·
808 2808 1358 2858 A.li.l,dld.Bas.iunt.i.2.Frob.Trine.

223 2901 278 2949 nius
303 2907 357 2962 post
379 2899 491 2949 Natalem
515 2899 633 2948 Comitem
656 2898 732 2961 ilyth.
751 2899 771 2947 l.
843 2910 881 2943 vs.
902 2896 964 2944 litt.
982 2890 1040 2944 teia
1056 2890 1098 2954 δὲ,
1115 2904 1141 2944 ut
1156 2895 1275 2954 dedimus,
1288 2896 1360 2944 exhi-

224 2985 272 3033 lii.
287 2985 313 3032 5.
329 2998 356 3046 p·
372 2983 435 3032 203.
450 2991 477 3031 ut
487 2990 620 3031 retractum
632 2995 697 3031 exv.
709 2982 771 3030 768.
794 2983 868 3048 tinent
887 2981 953 3029 Flor.
969 2981 999 3029 Β.
1019 2982 1049 3029 Β.
1062 2982 1119 3030 Par.
1132 2982 1161 3028 Β.
1178 2982 1207 3029 F.
1225 2980 1318 3030 Omittit
1329 2974 1359 3030 δὲ

223 3070 319 3118 uncinis
328 3067 565 3127 inclusereWolfins‚
577 3067 652 3117 (laiss.
662 3064 771 3116 Dindorl'.
808 3067 887 3115 lieno.
924 3061 1007 3115 ἐνθάδε
1029 3068 1121 3115 habent
1145 3066 1221 3115 ceteri
1246 3064 1305 3122 SS„
1330 3073 1360 3112 ut

223 3155 499 3204 delevitBoissonadius.
509 3153 585 3202 Abest
594 3154 772 3205 versusailor.
808 3154 866 3203 illd.
884 3162 909 3203 et
927 3155 983 3202 hinc
999 3154 1061 3201 Edd.
1072 3167 1156 3201 omncs
1164 3161 1221 3201 ante
1230 3152 1358 3201 Wolfinm.

223 3240 254 3287 Β.
269 3239 299 3286 Β.
313 3238 370 3286 Vnt.
389 3238 446 3286 Par.
465 3239 494 3286 Β.
511 3237 540 3285 C.
556 3237 586 3284 Ι).
602 3239 630 3285 F.
647 3238 677 3285 G,
691 3238 772 3285 Emm.
844 3253 881 3286 vs.
901 3240 962 3287 776.
990 3233 1058 3285 δεινά
1082 3236 1191 3299 στυγερὴ
1217 3233 1358 3300 ἀφορᾷ-.

223 3324 302 3375 Rehd.
331 3323 423 3372 Aberat
432 3324 507 3373 etiam
520 3323 644 3372 aPar.E.
659 3325 715 3374 hinc
730 3325 773 3373 ad·
809 3323 864 3390 (sic)
880 3325 937 3373 Vat.
955 3319 1062 3385 ἄψορρον
1075 3324 1134 3372 Par.
1151 3326 1179 3372 Β.
1198 3325 1226 3372 F.

223 3409 289 3462 dilus
305 3407 350 3457 luit
368 3421 398 3458 ac
414 3408 621 3456 deindedeletus:
637 3410 679 3469 qui
691 3416 773 3457 tantus
842 3424 881 3458 vs.
901 3410 964 3456 itt.
984 3406 1059 3469 νύσφι
1077 3408 1134 3456 Par.
1154 3409 1186 3457 C..
1203 3408 1233 3455 G.
1253 3408 1333 3456 llehd.

223 3510 340 3547 numerus
355 3494 517 3544 omittentinm
530 3494 599 3541 illum
610 3494 726 3543 Codicum
736 3495 773 3542 la·
844 3511 880 3543 vs.
902 3495 960 3542 ΠΒ.
980 3497 1101 3559 μακρῇσιν
1117 3510 1189 3558 πεπρ.
1204 3494 1270 3556 quod
1283 3495 1362 3543 habet

223 3580 457 3637 tuitlinetzelliom,
471 3579 773 3636 cetornmrecteseriben·
809 3583 876 3631 Flor.
895 3581 926 3629 λ.
947 3583 1085 3644 recepimus
1106 3597 1162 3632 eum
1180 3581 1314 3630 Gaislordio
1333 3589 1361 3630 et

223 3675 275 3715 tem
292 3667 312 3714 l.
331 3679 355 3714 c.
372 3666 419 3714 elai
439 3677 470 3713 ex
487 3670 570 3713 nostro
589 3676 662 3711 sensu
684 3676 774 3711 eorun-
809 3669 996 3717 recentioribus.
1033 3669 1151 3732 μακροῖσι
1163 3666 1277 3730 πέτροισι
1289 3669 1359 3717 Flor.

225 3750 282 3804 dem
300 3763 415 3799 versuum
431 3715 589 3810 σαώσατε
607 3760 774 3808 supervacuae
809 3754 839 3799 Β.
858 3752 934 3800 ceteri
952 3750 1056 3814 Scripti,
1077 3762 1103 3802 ut
1123 3762 1180 3802 ante
1196 3752 1360 3802 Gaisiordium

224 3847 253 3882 ae
270 3848 357 3895 parum
374 3834 501 3895 elegantes
515 3846 570 3881 osse
588 3833 726 3892 videantur,
741 3833 773 3884 ab
810 3835 888 3893 Editi,
915 3838 1023 3900 μακρῇσι
1046 3833 1164 3901 πέπρησι.
1204 3832 1361 3899 κατηρεφέες

224 3921 312 3968 horum
336 3929 421 3976 tamen
445 3921 575 3983 poetarum
597 3919 774 3970 consuetudine
810 3922 876 3971 Flor,
895 3922 925 3970 Ι).
962 3919 1033 3983 ἀμφὶ
1051 3916 1077 3969 θλ
1096 3916 1177 3983 πέτρη
1194 3921 1253 3970 Par.
1273 3921 1295 3969 i.

223 4014 319 4055 tantum
344 4005 446 4062 abesse,
470 4015 498 4055 ut
521 4007 617 4058 alienae
634 4005 772 4056 censendae
845 4019 884 4052 vs·
898 4006 959 4053 tta.
979 4003 1360 4068 &ppatsfieelllorliutSeho-

224 4091 286 4151 sint,
306 4099 334 4140 ut
339 4125 347 4150 ,
368 4091 388 4139 si
406 4091 465 4151 quid
478 4093 559 4150 aliud,
575 4092 678 4154 simplici
688 4104 774 4140 eorum
809 4089 899 4137 liorum
910 4089 1014 4147 lemma;
1027 4083 1178 4151 ἀργαλέοισι
1194 4090 1260 4139 Flor.
1270 4088 1301 4136 Β.
1314 4090 1359 4137 sed

225 4175 344 4225 nativitati
358 4175 514 4234 eunomiane
531 4184 583 4225 tum
597 4190 645 4226 non
654 4189 706 4225 esse
717 4174 775 4223 diffi-
811 4186 885 4235 supra
903 4173 953 4222 alia
969 4188 1044 4223 marin
1057 4174 1131 4222 lectio
1149 4176 1238 4237 scripto
1256 4183 1293 4223 est
1305 4176 1359 4223 vul·

225 4260 271 4308 elle
290 4261 431 4317 intellectu,
451 4273 524 4321 quam
548 4262 579 4309 ob
598 4274 696 4312 causam
718 4275 774 4311 ver·
809 4269 876 4322 gata.
914 4256 1048 4325 ἀρρυρέησι
1067 4261 1123 4309 Par.
1144 4262 1165 4308 i.
