2967 5209
262 498 335 573 350
699 520 940 568 concurrens

260 715 343 759 mox
370 704 481 756 autem
510 693 683 779 insurgens
712 692 757 782 (r.
790 695 854 759 842
887 693 989 782 seqq.)
1013 695 1195 782 sumtisque
1221 696 1332 758 armis
1354 694 1394 758 ab

260 805 411 894 Olympo
426 807 464 871 in
484 806 685 894 Typhoeum
706 808 839 872 irruens
854 832 884 872 v.
908 811 984 874 855.
1026 809 1132 873 Locus
1152 821 1200 873 est
1218 810 1393 896 praeclare

220 942 228 961 ·
260 923 398 1008 apoita
418 931 586 985 tractatus.

303 1170 336 1212 v.
359 1148 425 1213 844
445 1170 531 1234 seqq.
556 1149 665 1213 Ardor
686 1148 727 1213 ab
755 1151 920 1235 utrisque,
948 1150 1024 1215 love
1053 1162 1087 1213 et
1112 1150 1293 1236 Typhoeo,
1319 1149 1388 1212 bel·

258 1260 407 1326 lantibus
428 1262 592 1327 excitatus
615 1265 651 1327 in
673 1274 818 1350 pontum
843 1285 945 1349 usque
964 1263 1127 1350 pervasit3
1154 1284 1276 1348 quare,
1303 1262 1388 1325 sicut

258 1385 347 1437 terra
377 1374 488 1438 omnis
515 1385 549 1439 et
576 1376 726 1452 coelum,
752 1377 801 1439 ita
823 1397 934 1451 mare,
958 1386 1153 1462 correptum
1178 1398 1233 1452 eo,
1256 1373 1387 1440 fervere

257 1485 384 1579 coepit,
406 1487 632 1551 aestuantibus
650 1488 747 1552 iuxta
769 1511 805 1552 ac
821 1487 950 1553 circum
974 1486 1075 1551 litora
1096 1487 1196 1551 vastis
1216 1480 1386 1551 fluctibns.
1450 1464 1451 1469 ἵ

303 1598 343 1664 ln
364 1598 512 1664 versibus
538 1600 616 1665 845.
639 1602 705 1666 848
728 1600 1019 1688 simplicissimum
1048 1599 1196 1678 videtur,
1219 1612 1259 1665 ut
1279 1611 1384 1688 poste·

257 1713 329 1777 rior
356 1711 519 1776 habeatur
548 1714 731 1800 explicatio
753 1714 892 1800 prioris,
914 1714 962 1778 ita
988 1726 1028 1778 ut
1050 1737 1111 1802 per
1132 1703 1278 1803 (κῶμα)
1308 1731 1387 1801 upa·

257 1812 380 1911 στῆρων
399 1814 431 1886 τ’
451 1814 576 1909 ἀνέμων
600 1844 637 1889 τε
659 1828 783 1892 clarius
802 1826 1008 1914 significetur
1031 1828 1188 1916 proxime
1213 1839 1294 1892 ante
1314 1847 1384 1890 me·

257 1949 427 2002 moratum
458 1937 573 2021 κοῦρον
594 1931 694 2026 πυρὸς
717 1928 786 2003 ἀπὸ
809 1933 877 2004 τοῖο
900 1928 1045 2027 πελώρου
1078 1949 1163 2028 igue
1190 1964 1211 2002 a
1236 1951 1383 2027 ponente

257 2049 311 2112 illo
342 2049 519 2138 (Typhoeo
544 2050 740 2138 excitatus);
766 2075 826 2140 per
849 2053 963 2136 κοῦρον
985 2065 1098 2118 autem
1120 2052 1282 2139 κερωννοῦ·
1298 2047 1383 2137 (plte-

257 2150 410 2249 γέθοντὸς
431 2162 592 2230 efficacius
614 2165 801 2231 declaretur
822 2166 922 2231 ardor
943 2155 1082 2253 βροντῆς
1100 2183 1139 2229 τε
1156 2160 1320 2253 στεροπῆς
1338 2179 1381 2226 τε.

258 2273 357 2361 Quod
376 2276 404 2340 si
424 2288 615 2343 construere
631 2274 735 2343 malis
757 2248 855 2366 oripo}
868 2274 898 2341 τ’
921 2271 990 2344 itui
1004 2266 1188 2367 πρηστήρων
1209 2272 1243 2341 τ’
1263 2271 1384 2362 ἀνέμων

260 2403 298 2450 τε
321 2407 353 2453 τ.
377 2391 474 2468 πελ,
503 2390 566 2454 hac
596 2413 726 2477 quoque
755 2391 900 2471 ratione,
930 2394 1061 2458 temetsi
1097 2392 1276 2459 verborum
1308 2391 1382 2456 onlo

259 2502 394 2566 suadere
424 2502 615 2580 videbitur,
652 2515 691 2566 ut
722 2505 891 2590 sequentia
924 2505 1075 2592 κεραυνοῦ
1103 2523 1142 2569 τε
1167 2492 1383 2593 Φλεγέθοντοζ

259 2615 342 2678 item
367 2615 408 2679 ad
422 2616 623 2702 Typhonem
646 2616 854 2697 referantur,
878 2643 947 2685 non
967 2633 1174 2709 repugnante
1191 2621 1296 2686 etiam
1321 2621 1384 2706 Ty·

259 2726 384 2814 phonis
403 2728 569 2815 procellae
590 2742 710 2794 natura
736 2730 826 2819 (vid.
850 2733 939 2798 Plin.
966 2734 1008 2800 H.
1032 2735 1072 2800 N.
1099 2735 1142 2800 lI.
1167 2736 1220 2800 49.
1244 2732 1317 2821 50.)
1339 2744 1382 2795 ta·

260 2863 338 2905 men
369 2841 454 2918 erit,
486 2854 525 2906 ut
551 2865 594 2907 ex
619 2857 780 2932 perpetua
814 2849 931 2934 poitae
950 2849 1189 2913 consuetudine
1211 2850 1252 2913 ad
1272 2849 1382 2912 lovem

259 2954 372 3042 potius
389 2952 561 3020 referenda
584 2946 772 3022 rideantur.
819 2959 1013 3025 Hermanno
1039 2962 1077 3026 in
1096 2960 1190 3028 Cens.
1218 2960 1382 3026 Goettlin·

259 3066 376 3154 gisum
403 3067 526 3154 prioris
544 3058 725 3148 statuenti,
757 3094 890 3136 versum
911 3073 976 3138 846
999 3094 1065 3137 esse
1084 3074 1170 3138 alius
1189 3071 1382 3138 recensionis

259 3202 322 3267 pro
342 3203 373 3245 v.
401 3182 467 3246 845
485 3182 671 3246 adsentitur
691 3184 729 3248 in
750 3186 853 3250 altera
869 3187 930 3252 Ed.
954 3185 1190 3275 Goettlingiue‚
1214 3187 1305 3274 qued
1325 3184 1383 3250 mi·

261 3316 334 3371 ror,
368 3316 445 3357 cum
473 3295 563 3359 idem
595 3318 678 3361 mox
706 3298 896 3385 propositae
930 3323 947 3363 a
974 3299 1166 3364 Muetzellio
1199 3295 1382 3363 traiectioni

262 3428 417 3470 versuum
450 3406 563 3496 (Conf.
587 3409 685 3476 Varr.
711 3408 831 3498 Lectt.)
866 3413 963 3499 longe
994 3423 1160 3499 praestare
1189 3413 1279 3476 dicat
1298 3408 1382 3477 ‘vivi-

260 3519 338 3582 dam
365 3517 498 3604 antiqui
524 3530 637 3583 textus
660 3521 977 3608 reciprocationem,
1004 3524 1042 3588 in
1073 3546 1139 3610 quo
1163 3524 1300 3611 quidem
1335 3541 1383 3587 me

261 3654 395 3720 prorsus
416 3634 678 3697 consentientem
698 3633 817 3713 habet,
839 3656 917 3700 oum
948 3635 1114 3701 adiectum
1142 3636 1294 3723 equidem
1315 3655 1382 3699 ver·

172 3832 176 3835 q
260 3765 335 3806 sum
362 3727 428 3808 846
460 3765 477 3806 a
509 3746 607 3830 poeta
641 3756 758 3831 putem
788 3747 828 3811 ad
849 3748 954 3835 magis
975 3749 1211 3813 declarandum
1231 3761 1382 3813 naturam

261 3850 450 3937 καύματος,
486 3857 703 3941 quamobrem
734 3859 837 3924 etiam
867 3852 1013 3946 κεραυνὸν
1033 3849 1243 3949 φλεγέθοντα
1264 3861 1381 3925 ultimo

260 3971 333 4034 loco
354 3969 512 4056 posuerit.

305 4219 338 4262 v.
363 4198 429 4264 849
451 4219 540 4285 seqq.
561 4197 791 4286 Pugnantium
814 4209 939 4277 tantus,
966 4210 1101 4283 tamque
1119 4197 1302 4261 continuus
1319 4201 1381 4258 erat

214 4322 221 4333 ‘
262 4305 385 4395 fragor,
412 4321 451 4373 ut
478 4333 515 4374 eo
534 4306 826 4376 contremiscerent
848 4333 926 4375 cum
954 4308 1072 4375 inferis
1092 4308 1257 4397 Pluto‚(v.
1280 4309 1378 4390 858),
