2967 5209
469 526 501 570 ut
525 525 650 573 merom
674 526 888 575 ruroeonm.
1175 506 1246 580 227

121 700 276 787 intellige
297 701 519 768 Iurisiurandi
536 703 753 794 religionem,
780 728 920 795 persona
938 707 998 773 Dei
1018 707 1190 788 indutam,
1207 720 1246 773 ut

110 793 209 901 Ἕργ.
232 814 307 880 219.
327 814 405 880 804.
420 814 522 902 inque
535 816 672 905 egregiis
684 818 827 907 Pythiae
845 817 993 885 versibus
1011 819 1101 907 apud
1120 819 1242 886 Herod.

115 925 177 994 VI.
210 928 266 994 88.
287 940 322 993 et
343 927 381 993 in
406 928 526 995 Aurcis
547 929 763 998 Carminibus
784 956 816 1000 v.
841 935 873 1001 2.
893 934 935 1000 ad
955 954 1056 1021 quem
1078 910 1245 1000 Hierocles

115 1038 290 1107 videndus.

164 1141 280 1242 didym
308 1138 509 1242 δακρυόεντα
546 1155 650 1221 dictio
677 1155 748 1222 fuit
780 1159 933 1224 adamate
963 1156 1132 1246 Orphicis.
1162 1159 1241 1229 Vid.

112 1264 245 1331 Lobeclr
266 1267 304 1331 in
322 1265 486 1357 Aglaoph.
513 1291 548 1357 p.
576 1269 639 1336 438
661 1291 749 1357 seqq.

156 1511 190 1555 v.
213 1491 278 1556 228
299 1490 364 1567 vix
378 1491 491 1557 differt
510 1491 552 1558 ab
571 1492 748 1559 Homerico
762 1492 826 1561 Od.
850 1494 892 1561 Λ.
916 1497 991 1561 611.
1005 1494 1127 1583 dequo
1141 1519 1239 1562 versu

109 1600 242 1667 Gellius
260 1604 329 1691 egit
350 1602 443 1670 XIII.
465 1605 518 1671 24.
550 1605 686 1693 Hygino
706 1607 733 1672 l.
749 1628 777 1672 c.
794 1624 858 1694 pro
878 1608 1070 1673 memoratis
1090 1608 1146 1674 hic
1159 1610 1237 1697 plu·

107 1713 204 1779 ribus
222 1738 290 1781 una
314 1716 352 1781 in
372 1739 545 1782 recensum
563 1717 658 1786 venit
674 1717 801 1804 Pugno.
898 1714 908 1733 '

151 1962 185 2005 v.
209 1943 271 2006 231
296 1962 361 2027 seq.
383 1952 423 2005 ut
440 1940 574 2007 Hesiodi
590 1941 697 2005 citant
716 1932 981 2008 schol.P11idari
1001 1943 1042 2007 ad
1065 1938 1160 2012 Nem.
1173 1943 1232 2009 XI.

105 2055 162 2118 30.
187 2050 344 2119 Stobaeus
367 2052 474 2120 Serm.
500 2052 659 2123 XXVIII.
680 2076 714 2141 p.
739 2055 814 2121 196.

149 2300 206 2344 vv.
229 2280 415 2346 233-239.
438 2280 503 2346 Res
519 2290 599 2344 sunt
622 2279 799 2367 contiguae
817 2279 942 2345 Pontus
966 2293 999 2347 et
1020 2282 1140 2362 Terra3
1166 2282 1234 2346 ita-

100 2413 167 2478 que
194 2392 417 2479 probabiliter
444 2392 481 2457 in
516 2390 709 2479 Theogonis
733 2372 889 2479 coniuges
917 2389 1077 2458 feruntur
1093 2370 1131 2460 ⁴u.
1155 2395 1231 2461 233.

101 2505 181 2569 238.
227 2504 282 2570 Ex
315 2505 380 2569 hoc
411 2504 567 2592 coniugio
591 2503 664 2567 nati
688 2514 923 2568 memorantur
956 2503 1076 2584 liberi,
1101 2517 1232 2595 patrem

99 2617 279 2706 praecipue
294 2629 416 2684 natura
435 2639 493 2681 sua
513 2612 703 2695 referentes,
724 2615 859 2695 Nereus,
878 2616 1057 2696 Thaumas,
1073 2618 1230 2707 Phorcys,

99 2728 193 2807 Ceto,
216 2729 379 2817 Eurybia.
400 2728 500 2796 Conf.
520 2728 678 2818 Apollod.
703 2728 729 2794 I.
754 2728 798 2793 II.
816 2730 848 2792 6.
897 2728 1040 2795 Initium
1061 2731 1136 2797 fita
1155 2755 1231 2796 ma·

97 2842 197 2907 ximo
230 2853 313 2907 natu
331 2841 452 2921 Nereo,
473 2864 574 2929 quem
599 2852 673 2929 post
694 2853 878 2906 memorata
899 2843 1058 2929 proxime
1081 2845 1231 2932 periuria

95 2969 132 3023 et
164 2970 232 3024 sata
259 2944 303 3024 ex
329 2956 431 3023 Eride
464 2956 634 3022 Mendacio
661 2955 771 3019 videri
799 2957 897 3044 poeta
925 2967 1032 3044 potest
1061 2957 1102 3022 de
1128 2956 1230 3021 indu-

94 3069 180 3134 stria
199 3071 313 3134 statim
336 3056 491 3152 dedendis
515 3061 573 3132 sat
597 3056 722 3146 ἀληθέα
743 3068 936 3154 prodidisse.
984 3068 1024 3133 lu
1038 3068 1143 3134 Nereo
1157 3092 1228 3134 ma-

94 3181 145 3246 ris
165 3182 340 3248 notionem
362 3182 491 3247 subesse
509 3182 612 3268 vulgo
630 3180 766 3248 Veteres
788 3191 964 3268 putarunt.
997 3169 1132 3265 Πυθριὶρν
1151 3172 1228 3247 tro't-
1251 3160 1254 3165 .

93 3311 174 3376 του,
199 3285 296 3384 yades
320 3287 421 3383 πέρας
442 3295 569 3361 dicitur
588 3294 626 3357 in
649 3292 690 3359 H.
712 3290 823 3381 Orph.
839 3292 877 3357 in
892 3292 969 3361 Ner.
986 3295 1017 3359 4.
1066 3294 1125 3361 Est
1146 3293 1228 3363 Cor·

93 3418 181 3473 nuto
210 3430 239 3474 c.
271 3408 324 3474 23.
359 3398 481 3495 Νηρεὺς
506 3398 525 3488 ἦ
550 3393 710 3472 θάλασσα
731 3429 756 3471 s.
782 3405 871 3493 quod
897 3407 934 3472 in
956 3419 1062 3495 ponto
1080 3406 1228 3473 fluidum

92 3532 155 3591 est.
199 3520 329 3587 Nomen
353 3523 446 3586 enim
471 3522 594 3609 repetit
617 3543 635 3586 a
656 3505 788 3585 νεῖσθαι.
822 3517 921 3585 conf.
949 3520 1126 3608 Euripides
1149 3519 1226 3608 Iph.

91 3635 131 3699 in
150 3626 322 3701 11111937.
346 3634 408 3700 Ed.
424 3628 547 3699 Matth.
572 3620 694 3721 Νῆρεια
714 3624 815 3696 τέκνα
836 3632 940 3719 pisces
957 3642 1052 3699 vocat
1071 3629 1226 3697 Comicus

91 3747 182 3835 apud
206 3746 328 3815 Athen.
355 3744 449 3816 VIII.
475 3769 511 3834 p.
541 3746 617 3815 343.
647 3746 683 3812 B.
730 3744 762 3811 A
791 3744 921 3809 Latinis
949 3745 1057 3831 poetis
1084 3743 1225 3831 ponitur

90 3860 172 3925 adeo
194 3880 258 3946 pro
279 3859 368 3925 mari
386 3858 519 3924 Nereus.
532 3858 610 3926 Vid.
630 3858 759 3924 Tibull.
780 3857 837 3924 IV.
856 3860 886 3922 1.
907 3859 960 3922 58.
981 3854 1081 3923 Ovid.
1099 3856 1125 3920 l.
1141 3856 1220 3924 Met.

91 3973 168 4038 187.
190 3971 233 4039 ll.
254 3974 331 4037 Am.
356 3971 416 4040 XI.
438 3973 492 4036 39.
508 3970 687 4057 imosundo
705 3992 844 4058 aequora
865 3969 1013 4047 tridente,
1038 3969 1222 4059 utNeptu-

88 4104 173 4162 nus,
196 4091 299 4166 ciens,
325 4085 500 4150 inducitur
519 4106 537 4148 a
556 4083 705 4171 Virgilio
724 4083 767 4149 II.
789 4084 871 4151 Aen.
894 4083 958 4148 418
971 4106 1048 4171 seq.,
1063 4083 1219 4149 firmant·

87 4218 153 4282 que
187 4198 374 4286 praedictae
403 4196 574 4287 opinionis
601 4206 806 4262 uetustatem
835 4196 906 4282 ipsa
927 4196 1014 4285 apud
1036 4196 1215 4263 Hesiodum

89 4309 188 4374 Nerei
217 4309 368 4376 filiarum
401 4310 572 4376 nomina·
608 4307 766 4375 Ceterum
795 4307 970 4387 Hesiodus,
1000 4312 1130 4377 tametsi
1150 4313 1218 4401 ipse

879 4454 884 4466 .
1000 4424 1077 4496 154
