2967 5209
251 504 320 578 182
692 532 934 582 connsnrtntvs

250 728 283 769 v.
316 705 379 768 119
408 704 509 767 etiam
538 679 569 769 ν.
595 707 656 768 118
678 705 715 768 in
739 728 799 770 suo
828 707 983 793 exemplo
1001 704 1094 770 Plato
1110 704 1282 786 habuerit,
1308 709 1378 773 vix

250 827 401 904 apparet,
424 816 591 901 quomodo
611 817 672 882 ille
691 817 801 883 dicere
818 819 968 906 potuerit
983 818 1008 882 l.
1031 840 1059 882 c.
1080 803 1264 906 (Ἡσίοδος)
1284 813 1381 905 φησὶ

249 920 341 1015 pat
375 921 414 994 sl
448 916 537 1001 Χάος
570 917 631 995 δύο
665 927 770 995 τούτω
803 919 954 1020 pausatae
989 924 1050 1011 Γῆν
1082 948 1120 995 τε
1154 925 1210 996 nal
1233 916 1379 1021 ’'Epnra.

250 1043 349 1122 Nam,
380 1054 510 1108 remoto
537 1065 570 1110 v.
600 1046 681 1123 118,
712 1043 932 1110 manifestum
959 1055 1023 1123 est,
1041 1043 1225 1111 Hesiodum
1244 1046 1378 1125 dicere,

250 1155 316 1220 tria
337 1167 415 1220 nata
441 1166 516 1243 post
542 1154 666 1235 Chaos,
692 1156 846 1235 Terram,
866 1157 1024 1235 Tartara,
1049 1156 1224 1236 Amorem,
1256 1171 1296 1222 ut
1314 1181 1381 1225 vo-

250 1244 389 1335 luerimt
412 1269 610 1335 Plutarchus
638 1269 772 1362 aliique.
820 1268 883 1335 Sed
908 1271 1021 1358 potuit
1043 1270 1109 1334 duo
1129 1269 1237 1335 dicere
1258 1271 1377 1352 Plato,

251 1392 380 1449 servato
414 1393 556 1468 utroque
583 1396 700 1461 versu,
732 1383 872 1470 iungens
906 1376 936 1446 οἱ
956 1374 1078 1470 ἔχοντο
1101 1372 1184 1469 tripu
1206 1377 1273 1467 νοφ.
1297 1377 1378 1447 'on

251 1482 414 1582 Τοίρτοοροὶ
439 1489 472 1559 τ’
492 1484 656 1583 ἠερόεντα,
680 1507 719 1559 nt
740 1481 904 1581 Τάρταρά
926 1487 959 1557 τ’
982 1493 1024 1559 ab
1045 1486 1167 1585 ἔχοντι
1188 1496 1328 1583 pendeat
1345 1509 1382 1561 et

217 1587 219 1591 Α
252 1607 383 1673 dicatur
405 1608 509 1673 Terra
535 1607 635 1672 firma
654 1608 742 1672 sedes
769 1607 841 1672 Diis
868 1619 938 1671 tam
954 1606 1073 1672 inferis
1096 1606 1199 1697 (infra
1222 1632 1256 1675 v.
1281 1606 1380 1695 851.)

176 1746 178 1750 ’
252 1741 354 1806 quam
378 1720 517 1806 superis.
564 1718 727 1806 Quodque
747 1719 972 1784 Alexandrini
997 1718 1219 1785 Grammatici
1241 1744 1380 1788 versum

256 1833 319 1895 118
349 1831 505 1919 spurium
536 1841 755 1909 censuerunt,
785 1831 898 1919 ipsum
932 1843 1128 1918 argumento
1161 1845 1224 1912 est,
1252 1835 1381 1899 lectum

253 1956 367 2009 tamen
398 1943 439 2008 ab
474 1943 517 2007 iis
547 1943 584 2006 in
605 1941 816 2029 Theogoniae
840 1944 1005 2031 exemplis
1024 1942 1135 2010 fuisse.
1183 1945 1382 2033 Agnoscunt

254 2078 333 2121 eum
362 2054 547 2133 Cornutus,
577 2053 752 2142 Origenes,
779 2055 1004 2142 Theophilus,
1026 2055 1200 2122 Stobaeus:
1222 2060 1276 2123 sed
1301 2081 1381 2123 cum

206 2189 213 2201 ·
256 2167 495 2234 Alexandrinis
524 2165 761 2232 Grammaticis
788 2167 1026 2249 reiiciendum,
1059 2179 1218 2256 utputo,
1251 2171 1382 2234 censuit

255 2280 455 2346 Plutarchus
476 2280 516 2344 de
537 2277 633 2344 Orac.
649 2277 723 2345 Def.
744 2303 778 2367 p.
805 2282 880 2346 933.
900 2281 938 2347 Ε.
955 2280 1025 2367 qui,
1050 2271 1147 2361 adsta
1167 2274 1227 2363 μὲν
1249 2263 1302 2345 οὖν
1324 2274 1383 2363 τὴν

255 2384 334 2476 Γῆν,
357 2393 489 2479 inquit,
512 2380 618 2479 ὥοτορ
644 2381 813 2474 Ἡσίοδος,
838 2381 920 2458 ἐνίων
945 2383 1136 2477 φιλοσόφων
1155 2382 1289 2477 βέλτιον
1309 2381 1382 2460 dca-

255 2497 392 2588 rondalc,
429 2496 588 2570 πάντων
622 2492 718 2577 ‘e‘dor
755 2494 959 2591 ἀτφοολέο,
983 2499 1173 2593 προσεῖπεν,
1200 2495 1300 2579 οὕτως
1325 2502 1382 2574 nal

256 2613 346 2708 ἡμεῖς
381 2608 484 2686 tettan
509 2612 567 2684 nal
592 2607 761 2706 ἄφθαρτον
786 2609 973 2703 captanus
1022 2619 1073 2683 Ita
1102 2606 1233 2683 τάντονν
1262 2620 1383 2684 latiore

256 2732 487 2821 accipiendum
507 2731 573 2796 erit
596 2753 708 2809 sensu,
730 2753 853 2817 parum
873 2742 987 2795 tamen
1007 2730 1164 2809 definito,
1187 2752 1242 2793 me
1261 2731 1381 2798 indice.

258 2845 356 2913 Certe
376 2844 442 2910 alia
461 2843 591 2919 ratione
609 2843 736 2907 dicitur
766 2835 813 2918 Γῆ
834 2830 963 2908 πάντων
986 2831 1099 2929 μήτηρ.
1152 2840 1249 2928 Quod
1271 2856 1383 2908 autem

258 2958 451 3027 Chalcidius
483 2956 712 3024 Commentar.
745 2957 782 3021 in
814 2957 962 3022 Platonis
992 2956 1169 3036 Timaeum
1192 2979 1221 3023 c.
1249 2960 1281 3023 7.
1308 2959 1380 3023 122.

256 3096 292 3160 p.
328 3075 403 3137 333.
433 3069 592 3135 Hesiodea
610 3069 772 3134 reddidit:
818 3069 929 3133 Prima
952 3069 1029 3132 haec
1051 3081 1098 3132 est
1123 3067 1244 3156 Caligo,
1271 3070 1383 3134 dehinc

251 3198 328 3272 post
354 3184 456 3246 Terra
479 3196 587 3246 creata
607 3194 673 3262 est,
706 3183 891 3268 Spirantum
912 3180 1002 3244 sedes
1014 3181 1225 3266 firmissima,
1252 3205 1383 3270 corpore

258 3311 361 3373 vasto,
393 3317 481 3372 non,
518 3295 605 3380 qnod
634 3296 795 3361 nonnulli
826 3296 963 3373 volunt,
1000 3295 1129 3382 arguit,
1164 3316 1276 3360 versus
1304 3318 1383 3372 eum

256 3411 422 3497 ignorasse
440 3409 502 3471 118
521 3418 554 3472 et
576 3408 649 3472 119.
697 3407 784 3472 Nam
802 3420 890 3471 recte
904 3407 1116 3472 Muetzellius
1133 3431 1167 3495 p.
1190 3409 1266 3474 399.
1283 3407 1385 3475 Chal-

255 3522 399 3597 cidium,
419 3520 614 3585 reddentem
632 3528 826 3605 spirantum,
849 3520 928 3586 illos
946 3520 1047 3586 etiam
1069 3522 1251 3610 respexisse
1270 3545 1383 3590 versus

255 3634 388 3723 colligit
414 3655 458 3698 ex
482 3632 590 3709 hisce,
622 3653 705 3717 quae
725 3642 912 3718 sequuntur
941 3634 1031 3721 apud
1059 3655 1156 3699 eum:
1173 3647 1252 3722 post
1278 3634 1382 3700 Chaos

255 3756 359 3830 enim,
395 3769 488 3835 qnam
518 3745 633 3809 Graeci
661 3730 760 3826 ὅλην,
788 3767 846 3809 nos
874 3744 984 3809 silvam
1009 3770 1172 3826 vocamus,
1205 3746 1382 3812 substitisse

258 3861 390 3925 Terram
419 3859 508 3937 docet
538 3857 694 3922 Hesiodus
715 3864 749 3929 ira
771 3856 937 3921 medietate
960 3859 1112 3923 mumlanz'
1132 3857 1279 3924 ambitis.
1329 3859 1382 3925 Sic

254 3974 346 4038 enim
363 3984 403 4036 ut
421 3984 590 4048 statueret,
609 3969 774 4037 invenisse
794 3968 911 4036 debuit
923 3973 1011 4061 apud
1026 3975 1160 4061 potitam
1172 3973 1380 4038 mentionem

253 4083 377 4151 factam
410 4074 475 4149 τῶν
507 4102 544 4148 τε
577 4069 732 4171 Οόροονίων
757 4074 815 4148 nal
838 4073 903 4149 τῶν
928 4073 1127 4177 ὑποχθονίων
1153 4074 1249 4167 θεῶν,
1282 4111 1379 4175 quos,

253 4198 400 4263 Platonis
428 4199 582 4285 dogmata
613 4209 754 4275 secutus,
788 4197 1067 4286 intepretaretur
1097 4212 1200 4277 astra,
1230 4201 1377 4266 animata

252 4308 313 4374 illa
341 4331 376 4372 ac
404 4309 583 4395 spirantia,
618 4310 789 4375 mundano
812 4311 941 4377 ambitu
973 4312 1059 4377 circa
1082 4313 1228 4380 mediam
1251 4327 1376 4379 terram
