2967 5209
475 523 505 569 ts
531 521 890 572 uus1oo1rusosouuu.
1178 497 1250 571 217

121 692 257 760 variant
279 695 317 759 in
335 694 477 761 lectione
499 694 651 775 Codices3
672 693 807 772 deinde,
831 694 920 781 quod
937 693 1172 782 gravissimum
1191 708 1248 775 est,

121 806 287 874 Venerem
315 807 353 873 in
378 807 466 872 meri
488 819 603 873 natam
623 807 777 894 primum
799 784 964 895 cythera,
989 806 1070 871 hinc
1094 806 1250 896 Cyprum

122 919 300 1006 adpulisse,
326 941 404 983 oum
426 918 584 984 Hesiodus
605 918 752 996 dixerit,
774 918 871 983 nullo
899 918 1000 982 modo
1025 918 1124 983 illem
1148 921 1253 1007 paulo

122 1043 198 1122 post
224 1032 314 1097 idem
348 1018 531 1122 10Κο0ρο
554 1020 704 1120 γένεο-θαι
733 1043 768 1098 et
786 1031 868 1097 hinc
892 1023 1080 1119 Κυπρογενῆ
1101 1043 1252 1099 vocatum

120 1149 232 1214 dicere
255 1148 381 1237 potuit.
428 1149 542 1236 Itaque
565 1149 668 1213 etiam
694 1149 760 1214 hoc
790 1148 938 1215 videntes
960 1147 1099 1234 quidam
1123 1172 1186 1238 pro
1207 1135 1252 1213 ist
1368 1216 1371 1224 ,

122 1256 243 1351 Κύπρῳ
266 1260 303 1327 h.
324 1262 348 1326 l.
372 1260 440 1326 iam
460 1261 646 1348 antiquitus
669 1262 873 1349 scripserunt
893 1245 938 1324 ἓν)
960 1251 1087 1347 worp:
1109 1261 1164 1326 sed
1183 1284 1253 1327 non

122 1374 284 1440 viderunt
302 1373 370 1452 illi,
389 1374 436 1438 sic
458 1372 635 1439 absurdam
656 1373 731 1438 fieri
751 1372 1002 1461 etymologiam,
1019 1372 1090 1443 ,nisi
1100 1373 1204 1438 simul
1213 1373 1252 1438 in

121 1486 294 1576 principio
326 1508 438 1552 vorsus
462 1508 586 1551 nomen
617 1484 806 1575 novemur
835 1485 873 1549 in
895 1485 1034 1550 ulterius
1054 1486 1168 1551 locum
1192 1509 1253 1552 no·

123 1598 228 1663 minis
252 1598 411 1664 succedat.
458 1598 649 1686 Legendum
677 1598 889 1664 Hermsunus
910 1619 1102 1687 proponens
1134 1593 1254 1686 Κύπρις

124 1697 159 1777 δ’
181 1700 251 1776 ὅττι
273 1696 406 1800 γένοιτο
425 1728 464 1775 π.
489 1696 517 1774 ἒ.
544 1709 581 1774 K.
604 1708 766 1789 verbum,
793 1711 832 1775 ni
855 1708 977 1790 fallor,
998 1710 1140 1798 accepit,
1163 1711 1254 1777 haud

123 1823 295 1904 nascendi,
316 1823 372 1890 ced
394 1823 557 1902 veniendi,
581 1822 752 1887 accedendi
774 1821 1028 1911 significatione.

169 2073 204 2118 v.
219 2050 286 2116 200
307 2060 497 2138 agnoscunt,
520 2061 652 2138 praeter
667 2051 826 2118 Auctores
847 2073 949 2139 supra
964 2050 1125 2129 laudatos,
1136 2051 1255 2139 Etym.

124 2161 216 2230 Gud.
235 2186 271 2252 p.
296 2166 372 2230 553.
395 2164 449 2230 20.
472 2163 667 2229 Eustathius
690 2163 731 2228 ad
755 2163 796 2229 11.
827 2164 905 2229 439.
936 2167 989 2231 35.
1021 2187 1057 2252 Ρ.
1092 2168 1169 2231 558.
1203 2166 1254 2231 15.

124 2299 161 2365 p.
185 2279 261 2344 650.
292 2278 346 2343 44.
367 2275 478 2343 Schol.
500 2277 543 2342 D.
562 2277 604 2341 ad
626 2277 667 2343 11.
690 2276 726 2341 Γ.
753 2276 828 2344 424.
854 2277 977 2342 Tricha
996 2289 1031 2342 et
1051 2278 1143 2344 Elias
1166 2276 1257 2343 libro

123 2390 168 2457 de
193 2390 311 2455 metris
337 2413 371 2479 p.
394 2372 436 2456 73
457 2400 491 2455 et
511 2392 573 2473 833
595 2389 833 2477 Moschopulus
853 2377 1060 2479 περ1Σχεδ.
1083 2365 1120 2478 Ρ.
1139 2391 1200 2453 121
1225 2401 1258 2454 et

128 2505 205 2571 130.
252 2502 434 2592 Indignum
450 2502 607 2580 Hesiodo,
627 2501 897 2590 utsuporiorem,
918 2514 1118 2569 censuerunt
1128 2503 1257 2569 Leuno

124 2616 205 2705 pius
222 2614 402 2682 Animadu
424 2614 465 2679 ed
484 2613 672 2681 Coluthum
696 2638 731 2702 p.
753 2617 806 2681 94.
830 2614 997 2692 Wolfius,
1015 2616 1087 2695 0111,
1109 2615 1259 2681 maxime

126 2730 193 2795 hoo
221 2739 394 2817 urgentes,
434 2728 522 2814 quod
560 2728 643 2793 alias
678 2750 810 2816 semper
851 2717 1045 2813 Φιλομειδῆς
1077 2715 1260 2816 Ἀφροδίτη

125 2842 271 2923 dicitur,
300 2852 341 2905 ut
366 2841 405 2906 in
425 2838 490 2904 hoo
505 2841 578 2929 ipso
599 2840 749 2906 carmine
768 2864 800 2906 v.
823 2841 906 2920 9693
922 2810 1047 2926 iluibus
1068 2851 1183 2905 tamen
1200 2838 1259 2904 ob-

127 2953 222 3019 iicias
244 2970 279 3036 e,
300 2970 348 3035 ει,
369 2954 604 3039 n·entiquitus
626 2952 688 3019 vix
709 2952 839 3017 diverse
860 2949 962 3017 fuisse
983 2963 1017 3017 et
1037 2952 1167 3018 Boeotis
1189 2974 1260 3019 me·

52 3108 55 3113 ·
126 3066 224 3133 xime
245 3064 438 3153 frequenter
457 3075 656 3152 usurpatum
677 3063 778 3130 fuisse
801 3054 828 3127 ri
849 3087 912 3151 pro
934 3082 953 3142 η
975 3077 1009 3137 et
1028 3077 1155 3130 contro.
1179 3065 1257 3133 Vide

128 3179 375 3248 Choembosous
395 3179 483 3267 apud
505 3178 642 3244 Bekker.
666 3176 791 3243 Aneed.
822 3199 856 3264 p.
878 3179 975 3245 1368.
996 3178 1091 3245 Hort.
1113 3179 1257 3246 Adonid.

128 3314 165 3381 p.
190 3293 268 3358 209.
292 3292 409 3379 etym.
433 3290 481 3357 u.
507 3312 541 3378 p.
567 3289 641 3355 410.
665 3270 704 3354 t.
731 3312 766 3377 p.
786 3291 863 3356 602.
889 3285 1260 3377 000ος000100.-

128 3390 247 3489 ,tutte
276 3415 310 3468 ot
337 3389 522 3495 Φιλομηδὶις
543 3403 740 3492 argutandi,
764 3404 960 3491 praesertim
979 3402 1258 3485 hominiBoeotc,

128 3514 232 3583 fuisse
258 3517 383 3583 locum.
429 3514 512 3601 Sed,
541 3539 620 3582 oum
650 3528 740 3582 totus
772 3517 864 3583 locus
885 3520 1012 3584 melam
1040 3520 1260 3606 glossatormn

128 3651 269 3719 operam
287 3629 376 3694 clare
398 3629 533 3716 prodat,
550 3629 670 3696 iisdem
691 3629 890 3697 tribuendus
909 3630 1001 3695 -mihi
1019 3653 1149 3717 quoque
1168 3632 1260 3698 vide-

130 3755 188 3806 tur
208 3742 266 3808 hic
282 3763 404 3820 versus,
419 3763 520 3827 quem
541 3741 635 3821 item,
658 3754 699 3807 ut
717 3742 903 3831 superiores
920 3744 983 3809 190
1003 3754 1036 3807 et
1057 3746 1131 3822 109,
1149 3765 1260 3832 suspe-

129 3866 225 3922 ctum
248 3853 351 3919 etism
371 3850 453 3920 fecit
477 3851 638 3920 Codicum
663 3854 700 3920 in
721 3855 864 3921 lectione
884 3854 1036 3920 varietas.
1086 3880 1100 3924 ῃ

175 4105 208 4161 γ.
228 4081 292 4146 207
310 4102 398 4168 seqq.
423 4070 562 4166 Οὐρανὸς
584 4079 684 4145 unius
704 4079 892 4145 liberorum
915 4069 1111 4151 00010000ος
1135 4106 1259 4146 niarium

132 4194 330 4259 emendantis
358 4193 472 4281 (supro
499 4216 531 4257 v.
558 4190 632 4280 178)
653 4189 784 4257 fucinus
809 4191 968 4257 omnium
982 4193 1122 4259 consilio
1145 4218 1261 4285 perpe·

9 4294 11 4303 ’
134 4319 261 4373 tratum
282 4317 445 4383 statuens,
469 4305 551 4371 hinc
569 4328 684 4371 omnes
705 4305 889 4394 adpelluvit
912 4299 1060 4373 Τιτᾶνες.
