2967 5209
254 475 326 551 396
646 469 649 475 ’
693 503 933 550 coursrrssivs

296 699 328 741 v.
349 676 414 741 826
431 696 516 761 seqq.
548 676 622 740 Post
647 676 802 762 expulsos
834 676 925 740 coelo
945 673 1079 738 Titanes
1096 675 1197 739 Terra
1224 696 1269 738 ex
1290 676 1388 740 Tar-

252 800 325 852 taro
347 785 547 875 Typhoeum
576 787 724 876 peperit,
755 786 849 852 cuius
879 785 1012 851 audacia
1041 808 1078 850 ac
1111 787 1240 851 viribus
1271 810 1389 875 prope

253 896 380 963 factum
405 910 469 979 est,
491 910 531 962 ut
551 898 623 964 Iovi
645 920 787 987 regnum
807 898 1002 985 eriperetur.
1051 898 1090 962 ln
1108 898 1141 962 id
1164 899 1238 963 filio
1258 898 1390 965 favisse

252 1012 406 1088 Terram,
430 1009 588 1074 Hesiodus
615 1033 683 1075 uon
702 1010 805 1088 dicit,
827 1020 944 1073 contra
965 994 1094 1096 semper
1112 1006 1279 1075 faventem
1303 1011 1388 1076 Iovi

252 1122 390 1186 Terram
419 1121 587 1189 inducens.
624 1120 723 1188 Conf.
753 1144 853 1210 supra
881 1142 936 1185 vv.
970 1122 1046 1185 471.
1078 1121 1154 1188 626.
1184 1120 1277 1187 infra
1299 1124 1385 1189 882.

252 1237 327 1301 894.
373 1234 492 1299 Tradit
514 1244 628 1301 autem
655 1236 839 1300 secundum
858 1234 995 1300 seriores
1020 1236 1133 1322 poetas
1154 1234 1385 1322 Apollodorus

252 1347 278 1413 Ι.
302 1347 360 1412 VI.
384 1348 399 1410 1
428 1366 513 1433 seqq.
547 1346 707 1413 Titanum
734 1347 863 1412 cladem
890 1346 1117 1434 indignatam,
1141 1347 1282 1411 Terram
1304 1347 1383 1435 pri·

250 1482 347 1525 mum
366 1459 528 1547 peperisse
551 1479 596 1523 ex
618 1459 718 1526 Coelo
738 1459 914 1548 Gigantes,
939 1471 1039 1546 atque
1064 1460 1124 1525 hos
1139 1459 1298 1526 Cronidis
1317 1483 1382 1548 op·

250 1573 413 1661 posuisse3
445 1574 584 1650 deiude,
616 1597 695 1641 cum
725 1574 846 1639 ethos
876 1573 1040 1640 Crouidae
1070 1574 1244 1651 vicissent,
1275 1576 1397 1662 magis.

250 1688 373 1751 iratam
403 1686 542 1749 Terram
566 1707 610 1751 ex
633 1686 773 1751 Tartaro
795 1686 985 1773 suscepisse,
1015 1708 1116 1773 quem
1140 1687 1213 1751 illis
1232 1709 1382 1775 oppone·

249 1812 319 1878 ret,
344 1798 558 1887 Typhonem.
605 1800 651 1867 At
673 1800 810 1886 Hymno
831 1798 930 1865 Hom.
956 1801 995 1865 in
1019 1800 1132 1889 Apoll.
1152 1822 1185 1865 v.
1207 1803 1273 1866 306
1291 1823 1379 1887 seqq.

249 1913 376 1978 dieitur
407 1912 511 1991 luno,
542 1913 628 1978 irata
660 1911 786 1977 marito
817 1910 860 1975 ob
881 1911 1071 1976 Minervam
1093 1928 1136 1978 ex
1171 1911 1243 1975 eius
1273 1912 1381 1998 capite

249 2010 463 2114 prognatam,
489 2047 506 2090 a
528 2027 631 2090 Terra
648 2025 814 2112 Coeloque
833 2035 867 2090 et
886 2024 1062 2089 Titanibus
1087 2026 1253 2112 precando
1272 2024 1380 2112 impe·

249 2152 366 2218 trasse,
392 2151 431 2203 ut
458 2140 530 2226 ipsa
543 2120 686 2226 xquoque
711 2138 849 2203 seorsim
871 2136 913 2201 ab
941 2138 1018 2201 Iove
1041 2137 1221 2224 susciperet
1245 2137 1378 2216 filium,

249 2254 341 2319 nihil
373 2254 404 2319 ei
430 2252 566 2340 ,viribus
589 2254 777 2333 cedentem3
812 2252 924 2338 itaque
945 2251 1109 2338 peperisse
1134 2251 1378 2339 Typhaonem,

248 2370 489 2454 dracaenaeque
509 2369 550 2431 ad
570 2368 768 2431 Parnassum
787 2365 996 2430 educandum
1017 2364 1153 2429 dedisse.
1187 2363 1326 2429 Secutus
1346 2365 1379 2428 id

251 2479 474 2560 Stesichorus,
498 2491 578 2545 teste
601 2480 717 2566 Etym.
742 2478 788 2544 M.
813 2501 846 2565 p.
873 2480 950 2543 772.
975 2479 1027 2543 50.

175 2612 177 2617 ·
293 2593 513 2680 Τ)Ῥ7ιαοηθιη
546 2579 642 2657 δεινόν
670 2578 699 2656 θ’
720 2579 877 2677 ὑβριστήν
898 2586 928 2652 τ’
955 2580 1073 2673 ἄνεμον
1102 2588 1262 2653 Hesiodus
1288 2589 1378 2653 dixit

248 2727 349 2793 supra
369 2728 402 2770 v.
427 2706 523 2784 3⁰7.;
551 2702 643 2767 infra
665 2715 778 2767 autem
798 2724 831 2768 v.
850 2704 926 2770 869.
946 2704 1131 2767 noxiorum
1149 2722 1228 2765 eum
1250 2702 1378 2768 Vento·

248 2838 324 2881 rum
357 2828 488 2905 patrem
521 2815 612 2880 facit.
641 2807 769 2904 'ipsius
798 2827 909 2880 autem
938 2815 1008 2879 vim
1035 2813 1176 2878 noxiam
1201 2815 1379 2902 praecipue

248 2931 371 3020 repetit
401 2931 442 2997 ab
476 2932 603 2997 ardore.
659 2929 827 3017 Namque,
864 2928 1068 2994 bellantibus
1106 2929 1178 3015 ipso
1213 2940 1247 2992 et
1281 2928 1379 3005 love,

248 3043 364 3127 καῦμα
384 3043 595 3109 excitabatur
614 3031 678 3108 ἀπ’
699 3031 917 3129 ἀμφοτέρων,
938 3042 1027 3108 Iovis
1045 3041 1202 3120 fulmine,
1223 3042 1380 3130 Typhoei

248 3158 343 3245 ignea
366 3157 401 3222 vi
424 3145 609 3242 πρηστήρων
634 3152 665 3220 τ’
690 3145 817 3239 ἀνέμων
837 3172 876 3219 τε
899 3155 945 3245 (v.
964 3159 1031 3222 843
1046 3154 1160 3244 seqq).
1193 3155 1381 3243 Colligitur

249 3271 331 3334 hinc
356 3269 510 3357 mythice
532 3269 729 3357 Typhaonis
750 3293 776 3336 s.
799 3269 955 3357 Typhoei
974 3292 1113 3358 persona
1133 3270 1341 3334 declaratum
1364 3292 1381 3332 a

248 3386 346 3472 poeta
368 3381 469 3447 fuisse
488 3384 601 3471 igneae
623 3395 764 3450 naturae
782 3395 940 3461 ventum,
966 3384 1126 3469 adquam
1147 3394 1305 3447 naturam
1323 3382 1381 3446 in·

248 3497 424 3563 dicandam
444 3498 592 3584 pertinet
610 3497 731 3575 etiam,
755 3498 845 3584 quod
860 3497 892 3562 ei
913 3519 945 3563 v.
969 3498 1035 3563 826
1056 3518 1142 3584 seqq.
1167 3495 1381 3561 flammantes

248 3611 338 3678 oculi
361 3609 572 3675 tribuuntur.
620 3608 656 3673 Id
683 3609 868 3698 Aeschylus
883 3609 929 3674 sic
946 3610 1081 3699 aceepit,
1100 3610 1190 3674 utin
1206 3609 1378 3674 Prometh.

250 3750 283 3792 v.
312 3728 390 3793 356.
429 3723 517 3812 (364.
537 3719 676 3809 Blomf.)
701 3724 840 3803 diceret,
869 3722 1072 3811 Typhonem
1095 3708 1133 3804 ἓξ
1150 3710 1313 3805 &placitur
1335 3710 1378 3785 ἆ·

249 3828 441 3925 πράττειν.
488 3835 645 3901 Ceterum
674 3858 781 3923 neque
803 3835 973 3900 dubitavit
1000 3834 1091 3898 idem
1119 3857 1150 3899 v.
1176 3837 1252 3901 371.
1287 3834 1377 3923 (379.

250 3947 389 4032 Blomf.)
412 3950 461 4027 ei,
485 3950 553 4013 iam
577 3947 638 4012 sub
661 3948 766 4014 Aetna
789 3949 976 4027 tumulato,
1000 3939 1107 4032 βέλεα
1128 3940 1291 4034 πυρπνόου
1316 3934 1379 4032 ζά-

250 4065 308 4140 λης
335 4061 494 4127 tribuere.
541 4060 592 4126 Ab
621 4061 696 4126 aliis
726 4072 839 4127 autem
862 4062 1019 4126 inductus
1041 4062 1208 4149 Typhon,
1232 4052 1378 4143 ἡμμένας

251 4162 388 4257 βάλλων
409 4167 531 4261 πέτρας
553 4161 606 4239 ἐπ’
629 4165 725 4237 aare
750 4165 805 4237 ov
828 4165 962 4261 apoto.
985 4174 1064 4241 vis.
1091 4175 1248 4263 sponoe.
1274 4174 1300 4238 r.
1316 4171 1375 4238 vi.

252 4291 282 4352 3.
307 4291 324 4372 §
348 4293 378 4354 5.
425 4287 520 4373 Quod
545 4294 630 4353 vero
645 4286 727 4351 hino
747 4285 883 4351 fortasse
902 4287 976 4373 quis
997 4287 1149 4374 colligat,
1178 4285 1280 4352 fuisse
1304 4286 1374 4371 Ty·
1405 4334 1409 4343 .
1456 4266 1457 4293 ³
