2967 5209
667 438 932 508 ΗΣΙΟΔΟΥ

389 623 487 701 ύσσον
505 625 669 723 Φέρτασύι
688 621 762 701 ἔστι
785 623 871 718 θεῶν,
894 619 1011 723 ιιράτεύ
1031 649 1068 696 τε
1083 622 1255 719 μέγιστος·

317 747 365 820 50
388 742 481 830 αὖτις
506 745 536 825 δ’
560 744 728 847 ἀνθρώπων
744 775 783 823 σε
798 749 894 846 γένος
912 747 1068 844 κρατερῶν
1086 761 1127 818 σε
1146 739 1316 841 γιγάντων

388 878 544 966 ὑμνεῦσαι
557 870 723 968 ,τέρπουσι
743 871 820 951 aba
846 867 915 947 νύον
935 865 1022 948 ἓνσδς
1045 865 1222 959 Ὀλύμπου

386 1000 520 1069 Μοῦσαι
544 989 800 1088 Ὀλυμπιάδες,
819 1000 930 1090 κοῦραι
956 991 1032 1071 Διδς
1054 986 1241 1088 αἰγιόχοιο,

390 1113 453 1198 σδιι
473 1114 506 1191 ἒν
521 1116 631 1216 Πιερύη
652 1114 783 1216 Κρονίδη
801 1121 879 1193 σένιε
900 1118 1004 1215 πατρὶ
1024 1117 1167 1214 μιγεῖσα

385 1236 596 1334 Μνημοσύνη,
612 1243 782 1339 ’γουνοῖσιν
798 1236 982 1337 Ἐλευθήρος
1004 1236 1183 1333 μεδέουσα,

296 1360 364 1464 55
387 1365 592 1457 λησμοσύνην
616 1388 654 1437 τε
678 1367 785 1438 κακῶν
804 1358 981 1459 ἀμσαυμά
1004 1386 1043 1435 σε
1063 1355 1265 1459 μερμηράιον.

386 1480 473 1559 ἐννέα
495 1480 566 1582 γούρ
592 1488 621 1559 οἱ
644 1490 765 1567 νύιιτας
788 1482 951 1583 ἐμίσγετο
976 1484 1122 1580 μητίετα
1144 1482 1224 1566 Ζεύς

629 1671 765 1719 vamba
785 1669 982 1719 LEGTION'ES.

242 1780 343 1831 Wolflus
355 1782 429 1832 etiam
441 1783 465 1832 iu
475 1782 547 1832 brial.
564 1796 589 1844 p.
606 1783 668 1831 118.
679 1778 792 1844 λήγουσί
824 1781 1012 1848 ἀναπαυόμενος
1027 1786 1138 1849 etipsius
1151 1784 1250 1834 Hesiodi
1260 1782 1292 1832 ir.
1307 1785 1374 1846 apud

240 1863 351 1927 σ’ἀοιδής
368 1869 446 1932 Neap.
467 1871 531 1920 Flor.
556 1870 585 1916 F.
611 1868 666 1931 (sed
683 1871 708 1917 in
723 1877 787 1917 mar·
824 1869 935 1920 Eustatb.
964 1887 989 1934 p.
1012 1873 1080 1921 1163
1098 1868 1234 1934 ἀρχόμενοι
1252 1864 1279 1917 ll
1297 1868 1374 1919 Λίνον

196 1999 201 2012 ,
242 1955 298 2015 ρίου
323 1968 363 2016 γρ.
382 1950 519 2017 λήγονσοιι)
537 1952 592 2003 tto.
612 1952 667 2014 (sed
684 1947 788 2014 ἀοιδοῖς)
823 1951 868 2003 sal
884 1952 1008 2017 λήγοντος
1025 1950 1156 2004 νιοιλίουσι.

242 2037 307 2085 luut.
329 2037 354 2086 1.
375 2039 401 2086 8.
423 2039 494 2088 frob.
514 2040 570 2087 bas.
590 2037 706 2099 Stephani
723 2052 787 2086 mar·
859 2053 896 2087 vs.
916 2042 962 2093 19.
982 2037 1040 2088 ύσον
1058 2039 1122 2088 Flor.
1143 2039 1172 2087 E.
1193 2036 1286 2087 σύσσον
1304 2036 1371 2085 Flor.

242 2134 282 2182 go.
318 2122 382 2172 Citat
393 2124 468 2172 etiam
485 2123 520 2182 sie
535 2124 642 2174 Turneb.
661 2123 723 2172 Adv.
743 2124 785 2171 vl.
823 2123 851 2171 B.
862 2123 892 2171 D.
902 2123 980 2185 Neap.
992 2123 1087 2172 Pana.
1098 2125 1126 2172 Β.
1140 2118 1373 2183 8011.11ι1.φ1ρσε-
1479 2138 1480 2154 t

243 2206 288 2253 11.
313 2205 357 2254 sed
379 2205 414 2257 ait
440 2207 466 2255 in
491 2213 549 2255 uota
575 2207 712 2270 Stephanus
733 2221 787 2257 esse
823 2223 862 2270 ρος
883 2209 948 2257 Flor.
969 2210 997 2256 F.
1019 2206 1116 2271 (sedin
1132 2222 1210 2269 marg.
1232 2202 1374 2269 φύρσοισος)

242 2288 404 2342 ἀνακόλουθον
416 2295 462 2343 boo
475 2290 614 2356 ἀρχόμεναι
624 2288 726 2355 ὑμνεῦσι
743 2290 789 2341 urci
822 2295 878 2343 Vat.
901 2295 957 2342 Par.
981 2295 1010 2343 E.
1034 2295 1065 2342 11.
1088 2294 1155 2342 lunt.
1182 2296 1207 2340 1.
1232 2294 1259 2341 2.
1284 2290 1376 2355 ιιάρσεῖ

241 2374 363 2440 λήγουσιν
375 2374 476 2436 ἀοιδής,
490 2379 536 2428 nisi
550 2380 722 2429 subaudiamus
731 2394 788 2441 par·
824 2379 890 2425 Flor.
912 2377 940 2425 C.
960 2377 1014 2425 Vat.
1035 2377 1092 2425 Par.
1113 2378 1142 2426 E.
1163 2375 1249 2446 κάρτος
1267 2377 1323 2426 Par.
1340 2378 1371 2423 b.

242 2465 350 2526 tieipium
367 2466 412 2517 hoe
427 2466 512 2514 modo:
532 2461 593 2528 ἀρρη.
612 2460 668 2526 ἀμν.
687 2460 788 2522 κονδλή-
823 2464 902 2511 llehd.
1178 2513 1179 2516 η

240 2562 331 2611 γουσιν
346 2543 430 2606 ἀοιδής
450 2544 581 2609 ὑμνοῦσαι.
618 2548 649 2596 lu
665 2562 719 2598 esso
733 2547 787 2597 uni·
858 2560 895 2606 ss.
910 2546 954 2594 50.
972 2538 1046 2602 οιύσις
1058 2552 1085 2594 ut
1098 2545 1193 2612 epicam
1208 2554 1233 2594 et
1250 2545 1372 2614 antiquio·

242 2650 270 2686 re
292 2648 377 2684 rerum
394 2629 502 2696 λήγουσι
520 2634 650 2684 subaudito
666 2636 714 2683 boe
730 2647 788 2697 par·
822 2631 990 2683 σεμνύνουσιν
1005 2629 1176 2694 (111.Συνοιγ.
1190 2628 1242 2692 aaz.
1256 2646 1332 2695 χρησ.
1346 2632 1372 2681 in

184 2707 190 2712 ’
241 2719 323 2782 strips
341 2725 410 2781 putat
424 2719 557 2768 Hermann.
577 2719 683 2767 iacens.
695 2719 786 2768 Guettl.
823 2718 927 2767 Bekkeri
945 2718 1039 2766 Anecd.
1058 2734 1084 2781 p.
1104 2719 1166 2767 165.
1181 2719 1219 2782 8.)
1232 2718 1371 2784 praeferen-

242 2810 267 2854 et
290 2803 339 2854 iam
360 2810 434 2852 autea
460 2802 526 2851 idem
550 2797 787 2866 placuerat'Ernes·
823 2804 882 2853 dum
899 2802 958 2852 duxi
970 2816 1026 2852 cum
1038 2804 1108 2852 bird.
1119 2812 1144 2854 et
1156 2803 1245 2852 Goettl.
1261 2804 1372 2853 oblatum

241 2887 275 2936 tio
293 2887 324 2935 ad
343 2886 439 2935 Gallim.
464 2886 493 2935 T.
513 2886 534 2933 l.
555 2902 581 2948 p.
605 2888 670 2945 260,
698 2888 787 2947 proba·
823 2890 902 2939 aVat.
915 2889 972 2938 Par.
987 2890 1015 2939 B.
1032 2889 1061 2939 G.
1081 2890 1110 2937 E.
1131 2889 1226 2947 Ceteri,
1246 2897 1274 2938 ut
1287 2889 1370 2951 vulgo,

241 2983 342 3036 tumque
368 2972 415 3023 sibi
438 2972 473 3021 sio
496 2971 643 3022 Gaisiordius
678 2968 787 3036 λήγουσι
823 2970 901 3032 οιύύις.
935 2975 1048 3023 Variatur
1068 2976 1104 3024 sie
1125 2975 1200 3023 etiam
1223 2976 1250 3023 in
1270 2975 1370 3025 Homeri
1439 2987 1442 2994 ⁴

242 3058 267 3107 iu
286 3059 430 3107 'contextum
447 3057 549 3120 recepit.
587 3055 694 3120 Guyotus
712 3056 785 3114 item,
823 3061 899 3109 Codd.
932 3054 955 3107 δ’
966 3062 1370 3112 omittuutFlor.b.Frob.utmox

241 3141 284 3190 sed
302 3142 334 3191 de
346 3141 495 3199 coniectura,
515 3139 657 3203 praeferens
666 3137 786 3205 λήγουσι,
822 3160 854 3196 σε
871 3146 937 3195 Flor.
953 3147 983 3195 Ε.
1233 3207 1236 3212 ¹

241 3227 392 3276 intellectum
409 3227 507 3276 volebat
524 3229 642 3285 διὀιοοεο,
652 3242 733 3290 ‚quom
755 3230 788 3276 sit
858 3245 895 3279 vs.
906 3233 951 3281 51.
962 3227 1085 3292 ὑμνοῦσαι
1094 3233 1163 3281 Bodl.
1174 3241 1203 3282 ut
1213 3246 1287 3296 supra
1298 3246 1323 3282 r.
1334 3234 1371 3283 18

238 3315 461 3375 praestolabimur.
498 3311 556 3361 liibi
574 3313 615 3360 rix
633 3310 787 3364 ierendabu-
824 3309 937 3376 ὑμνοῦσι.

241 3395 345 3447 ⁴tustuodi
374 3395 466 3457 ellipsis
488 3395 604 3444 videtur.'
620 3397 731 3459 Lennep.
755 3397 787 3445 ad
858 3416 895 3449 vs.
910 3401 954 3450 52.
968 3396 1139 3462 Ὀλυμσιάδοιι
1151 3403 1217 3452 Flor.
1231 3402 1261 3450 Ε.

242 3481 339 3533 Colutb.
350 3496 376 3543 p.
387 3480 607 3544 brulgatambaud
614 3480 694 3528 minus
703 3494 786 3540 sensu,
858 3500 895 3534 rr.
910 3487 955 3534 53.
968 3480 1029 3537 τίνα
1047 3484 1103 3550 πρὶν
1118 3488 1226 3552 μιγεῖσα
1240 3488 1306 3536 flor.
1318 3488 1349 3537 b.

243 3567 308 3631 quod
324 3566 413 3625 miror,
432 3580 507 3629 quam
527 3574 606 3616 metro
623 3566 734 3615 laborare
747 3580 786 3615 ar·
858 3583 896 3618 rs.
913 3570 957 3618 56.
971 3570 998 3618 iu
1013 3571 1078 3621 Flor.
1089 3572 1117 3622 G.
1129 3586 1202 3634 supra
1211 3567 1370 3632 λησμοσύνην

243 3645 786 3715 οἰυοῑιισ,1111οῑειιιοοίῑλήγουσ1σ’ἀοιδή,
823 3656 910 3708 eadem
933 3669 1008 3705 manu
1030 3671 1055 3706 v.
1076 3659 1103 3708 8.
1125 3654 1289 3719 Μνημοσύνην
1309 3661 1369 3708 suri·

243 3744 271 3785 ut
287 3736 436 3798 intelligatur
448 3732 532 3795 Ζηνδς,
551 3749 639 3800 pamm
654 3738 727 3793 item,
748 3750 787 3785 me
823 3748 902 3803 ptum.
913 3736 1058 3801 λησμοσύνη
1066 3741 1131 3792 bled.
1142 3743 1198 3792 Par.
1206 3744 1233 3791 B.
1243 3742 1297 3790 111.
1306 3742 1370 3792 Con·

243 3820 337 3879 iudice,
356 3822 524 3884 probabiliter.
561 3819 669 3871 Diodori.
685 3823 789 3872 coniecit
824 3826 984 3877 seutitSobol.
995 3828 1065 3878 Cant.
1076 3844 1102 3893 p.
1114 3828 1175 3876 219.
1186 3827 1283 3879 seilicet
1293 3827 1367 3876 luisse

244 3900 387 3966 ἀρχόμεναί
397 3900 544 3969 θ’ύμνοῦσιν,
562 3899 599 3953 tlt
616 3902 742 3970 altipassus
758 3903 787 3955 ri·
823 3911 899 3975 aliqui
907 3911 1028 3972 videntur,
1042 3912 1084 3973 qui
1098 3912 1185 3973 pobtaa
1195 3911 1368 3959 suastribuen·

243 3981 310 4045 οιδής
326 3989 445 4053 probabili
464 4005 546 4049 sensu,
561 3991 604 4041 ssd
620 3991 701 4040 invitis
709 3991 785 4044 codd.
822 4002 862 4044 tes
872 3995 979 4055 argutias
995 3995 1080 4043 ludere
1098 4007 1155 4042 euru
1168 3993 1272 4042 soluisse
1288 3993 1368 4042 credi·

244 4074 319 4124 Recto
341 4075 390 4124 iam
413 4074 487 4124 Woll.
514 4078 616 4128 contulit
633 4079 788 4139 Theognidoa
823 4078 912 4126 <lerunt
925 4078 950 4127 in
964 4070 1112 4139 Μνημοσύνη
1126 4070 1278 4137 λησμοσύνη.

245 4173 283 4220 pr.
299 4147 338 4208 'n
349 4156 403 4216 ἀνα,
419 4162 520 4219 Λητοῦς
529 4160 574 4218 οἶδ,
588 4159 646 4222 Διὸς
654 4157 736 4220 σίνος,
748 4157 787 4212 ού·
859 4178 894 4213 ss.
914 4164 957 4214 tto.
977 4162 1087 4228 μίσγετο
1102 4163 1165 4214 Flor.
1186 4163 1213 4211 b.
1234 4161 1301 4213 Bodl.
1319 4177 1369 4227 μη-

245 4257 308 4293 σοσι
334 4245 387 4297 σοῖο
414 4242 532 4308 Λήοομοοι
558 4245 707 4311 ἀρχόμενος,
734 4243 787 4296 οὔδ’
825 4247 899 4299 σύοσα
912 4248 981 4299 Diod.
1056 4233 1064 4246 ’

1068 4448 1128 4508 ,0,
