<?xml version="1.0" encoding="UTF-8"?>
<!DOCTYPE html PUBLIC "-//W3C//DTD XHTML 1.0 Transitional//EN"
    "http://www.w3.org/TR/xhtml1/DTD/xhtml1-transitional.dtd">
<html xmlns="http://www.w3.org/1999/xhtml" xml:lang="en" lang="en">
 <head>
  <title>
</title>
<meta http-equiv="Content-Type" content="text/html;charset=utf-8" />
  <meta name='ocr-system' content='tesseract 3.04.00' />
  <meta name='ocr-capabilities' content='ocr_page ocr_carea ocr_par ocr_line ocrx_word'/>
</head>
<body>
  <div class='ocr_page' id='page_1' title='image "./hesioditheogoni00lenngoog_0373.png"; bbox 0 0 2967 5209; ppageno 0'>
   <div class='ocr_carea' id='block_1_1' title="bbox 457 505 1236 585">
    <p class='ocr_par' dir='ltr' id='par_1_1' title="bbox 457 505 1236 585">
     <span class='ocr_line' id='line_1_1' title="bbox 457 505 1236 585; baseline -0.005 -2"><span class='ocrx_word' id='word_1_1' title='bbox 457 538 490 585; x_wconf 76' lang='lat' dir='ltr'>ne</span> <span class='ocrx_word' id='word_1_2' title='bbox 512 520 639 585; x_wconf 71' lang='lat' dir='ltr'>&#39;ansioni</span> <span class='ocrx_word' id='word_1_3' title='bbox 662 535 877 584; x_wconf 79' lang='lat' dir='ltr'>rasoeonnn.</span> <span class='ocrx_word' id='word_1_4' title='bbox 1166 505 1236 580; x_wconf 75' lang='grc'>323</span> 
     </span>
    </p>
   </div>
   <div class='ocr_carea' id='block_1_2' title="bbox 103 675 1271 2268">
    <p class='ocr_par' dir='ltr' id='par_1_2' title="bbox 103 675 1271 2268">
     <span class='ocr_line' id='line_1_2' title="bbox 111 675 1234 795; baseline -0.004 -21"><span class='ocrx_word' id='word_1_5' title='bbox 111 675 318 775; x_wconf 79' lang='lat' dir='ltr'>recensiones</span> <span class='ocrx_word' id='word_1_6' title='bbox 337 708 519 774; x_wconf 89' lang='lat' dir='ltr'>definiendi</span> <span class='ocrx_word' id='word_1_7' title='bbox 542 729 613 773; x_wconf 86' lang='lat' dir='ltr'>non</span> <span class='ocrx_word' id='word_1_8' title='bbox 639 729 739 795; x_wconf 88' lang='lat' dir='ltr'>usqne</span> <span class='ocrx_word' id='word_1_9' title='bbox 758 726 888 792; x_wconf 89' lang='lat' dir='ltr'>quaque</span> <span class='ocrx_word' id='word_1_10' title='bbox 907 716 1015 769; x_wconf 87' lang='lat' dir='ltr'>censet</span> <span class='ocrx_word' id='word_1_11' title='bbox 1033 703 1234 793; x_wconf 87' lang='lat' dir='ltr'>probandos,</span> 
     </span>
     <span class='ocr_line' id='line_1_3' title="bbox 109 814 1236 911; baseline -0.004 -24"><span class='ocrx_word' id='word_1_12' title='bbox 109 823 241 911; x_wconf 83' lang='lat' dir='ltr'>quippe</span> <span class='ocrx_word' id='word_1_13' title='bbox 261 820 382 909; x_wconf 89' lang='lat' dir='ltr'>quibus</span> <span class='ocrx_word' id='word_1_14' title='bbox 410 819 511 885; x_wconf 89' lang='lat' dir='ltr'>obiici</span> <span class='ocrx_word' id='word_1_15' title='bbox 536 821 640 909; x_wconf 90' lang='lat' dir='ltr'>possit</span> <span class='ocrx_word' id='word_1_16' title='bbox 665 819 757 885; x_wconf 85' lang='lat' dir='ltr'>inter</span> <span class='ocrx_word' id='word_1_17' title='bbox 787 817 869 896; x_wconf 86' lang='lat' dir='ltr'>alia,</span> <span class='ocrx_word' id='word_1_18' title='bbox 902 814 989 902; x_wconf 90' lang='lat' dir='ltr'>quod</span> <span class='ocrx_word' id='word_1_19' title='bbox 1012 817 1108 880; x_wconf 85' lang='lat' dir='ltr'>nulla</span> <span class='ocrx_word' id='word_1_20' title='bbox 1136 816 1236 883; x_wconf 88' lang='lat' dir='ltr'>iniis</span> 
     </span>
     <span class='ocr_line' id='line_1_4' title="bbox 109 914 1237 1021; baseline -0.004 -21"><span class='ocrx_word' id='word_1_21' title='bbox 109 935 202 1000; x_wconf 83' lang='lat' dir='ltr'>ratio</span> <span class='ocrx_word' id='word_1_22' title='bbox 221 933 337 1000; x_wconf 83' lang='lat' dir='ltr'>habita</span> <span class='ocrx_word' id='word_1_23' title='bbox 360 955 473 999; x_wconf 87' lang='lat' dir='ltr'>versus</span> <span class='ocrx_word' id='word_1_24' title='bbox 488 934 562 1013; x_wconf 79' lang='lat'>7313</span> <span class='ocrx_word' id='word_1_25' title='bbox 586 933 674 1021; x_wconf 85' lang='lat' dir='ltr'>quod</span> <span class='ocrx_word' id='word_1_26' title='bbox 696 954 795 998; x_wconf 81' lang='lat' dir='ltr'>versu</span> <span class='ocrx_word' id='word_1_27' title='bbox 814 930 890 996; x_wconf 81' lang='lat'><strong>743.</strong></span> <span class='ocrx_word' id='word_1_28' title='bbox 914 917 1010 995; x_wconf 64' lang='grc' dir='ltr'><em>δεινὸν</em></span> <span class='ocrx_word' id='word_1_29' title='bbox 1027 914 1065 995; x_wconf 63' lang='lat' dir='ltr'>cl)</span> <span class='ocrx_word' id='word_1_30' title='bbox 1082 919 1139 993; x_wconf 75' lang='lat' dir='ltr'>tal</span> <span class='ocrx_word' id='word_1_31' title='bbox 1156 916 1237 995; x_wconf 59' lang='lat' dir='ltr'>ttae</span> 
     </span>
     <span class='ocr_line' id='line_1_5' title="bbox 107 1027 1239 1133; baseline -0.007 -19"><span class='ocrx_word' id='word_1_32' title='bbox 107 1034 368 1114; x_wconf 62' lang='lat' dir='ltr'>cavositates</span> <span class='ocrx_word' id='word_1_33' title='bbox 390 1042 489 1108; x_wconf 77' lang='grc' dir='ltr'><em>τοῦτο</em></span> <span class='ocrx_word' id='word_1_34' title='bbox 512 1037 607 1133; x_wconf 65' lang='grc' dir='ltr'><em>τέρας</em></span> <span class='ocrx_word' id='word_1_35' title='bbox 639 1046 738 1111; x_wconf 89' lang='lat' dir='ltr'>nullo</span> <span class='ocrx_word' id='word_1_36' title='bbox 768 1044 870 1110; x_wconf 89' lang='lat' dir='ltr'>modo</span> <span class='ocrx_word' id='word_1_37' title='bbox 901 1043 942 1108; x_wconf 87' lang='lat' dir='ltr'>ad</span> <span class='ocrx_word' id='word_1_38' title='bbox 975 1027 1096 1107; x_wconf 72' lang='grc' dir='ltr'><strong><em>θύελλα</em></strong></span> <span class='ocrx_word' id='word_1_39' title='bbox 1117 1040 1239 1106; x_wconf 78' lang='lat' dir='ltr'>referri</span> 
     </span>
     <span class='ocr_line' id='line_1_6' title="bbox 107 1153 1235 1250; baseline -0.008 -23"><span class='ocrx_word' id='word_1_40' title='bbox 107 1172 236 1250; x_wconf 72' lang='lat' dir='ltr'>potest;</span> <span class='ocrx_word' id='word_1_41' title='bbox 260 1161 348 1247; x_wconf 91' lang='lat' dir='ltr'>quod</span> <span class='ocrx_word' id='word_1_42' title='bbox 369 1183 402 1227; x_wconf 84' lang='lat' dir='ltr'>v.</span> <span class='ocrx_word' id='word_1_43' title='bbox 423 1161 499 1229; x_wconf 72' lang='grc'><strong>716.</strong></span> <span class='ocrx_word' id='word_1_44' title='bbox 518 1159 613 1226; x_wconf 86' lang='lat' dir='ltr'>Atlas</span> <span class='ocrx_word' id='word_1_45' title='bbox 632 1159 723 1224; x_wconf 90' lang='lat' dir='ltr'>haud</span> <span class='ocrx_word' id='word_1_46' title='bbox 751 1158 829 1224; x_wconf 84' lang='lat' dir='ltr'>satis</span> <span class='ocrx_word' id='word_1_47' title='bbox 847 1178 992 1244; x_wconf 85' lang='lat' dir='ltr'>congrue</span> <span class='ocrx_word' id='word_1_48' title='bbox 1011 1166 1088 1221; x_wconf 90' lang='lat' dir='ltr'>ante</span> <span class='ocrx_word' id='word_1_49' title='bbox 1108 1153 1235 1221; x_wconf 83' lang='lat' dir='ltr'>Tartari</span> 
     </span>
     <span class='ocr_line' id='line_1_7' title="bbox 106 1269 1237 1364; baseline -0.007 -24"><span class='ocrx_word' id='word_1_50' title='bbox 106 1287 243 1364; x_wconf 89' lang='lat' dir='ltr'>portas,</span> <span class='ocrx_word' id='word_1_51' title='bbox 266 1273 773 1362; x_wconf 81' lang='lat' dir='ltr'>p1·aecedentev.732,p0situs</span> <span class='ocrx_word' id='word_1_52' title='bbox 789 1282 849 1337; x_wconf 84' lang='lat' dir='ltr'>est.</span> <span class='ocrx_word' id='word_1_53' title='bbox 898 1270 1055 1337; x_wconf 87' lang='lat' dir='ltr'>Ceterum</span> <span class='ocrx_word' id='word_1_54' title='bbox 1076 1269 1237 1335; x_wconf 84' lang='lat' dir='ltr'>Herman-</span> 
     </span>
     <span class='ocr_line' id='line_1_8' title="bbox 106 1381 1238 1475; baseline -0.004 -22"><span class='ocrx_word' id='word_1_55' title='bbox 106 1410 179 1453; x_wconf 89' lang='lat' dir='ltr'>nus</span> <span class='ocrx_word' id='word_1_56' title='bbox 198 1409 278 1453; x_wconf 88' lang='lat' dir='ltr'>oum</span> <span class='ocrx_word' id='word_1_57' title='bbox 297 1385 473 1452; x_wconf 85' lang='lat' dir='ltr'>Dindorfio</span> <span class='ocrx_word' id='word_1_58' title='bbox 492 1385 766 1475; x_wconf 88' lang='lat' dir='ltr'>antiquissimum</span> <span class='ocrx_word' id='word_1_59' title='bbox 783 1405 918 1448; x_wconf 89' lang='lat' dir='ltr'>carmen</span> <span class='ocrx_word' id='word_1_60' title='bbox 934 1381 1036 1447; x_wconf 90' lang='lat' dir='ltr'>habet</span> <span class='ocrx_word' id='word_1_61' title='bbox 1055 1403 1112 1448; x_wconf 83' lang='lat' dir='ltr'>vv.</span> <span class='ocrx_word' id='word_1_62' title='bbox 1132 1382 1238 1449; x_wconf 79' lang='grc'><strong>723·-</strong></span> 
     </span>
     <span class='ocr_line' id='line_1_9' title="bbox 107 1492 1271 1587; baseline -0.006 -21"><span class='ocrx_word' id='word_1_63' title='bbox 107 1503 193 1566; x_wconf 88' lang='grc'><strong>735.</strong></span> <span class='ocrx_word' id='word_1_64' title='bbox 240 1498 326 1564; x_wconf 82' lang='lat' dir='ltr'>Aliis</span> <span class='ocrx_word' id='word_1_65' title='bbox 337 1509 455 1563; x_wconf 84' lang='lat' dir='ltr'>&#39;autam</span> <span class='ocrx_word' id='word_1_66' title='bbox 474 1520 567 1587; x_wconf 88' lang='lat' dir='ltr'>posse</span> <span class='ocrx_word' id='word_1_67' title='bbox 589 1492 638 1564; x_wconf 87' lang='lat' dir='ltr'>ait</span> <span class='ocrx_word' id='word_1_68' title='bbox 663 1496 773 1565; x_wconf 80' lang='lat' dir='ltr'>videri</span> <span class='ocrx_word' id='word_1_69' title='bbox 787 1508 862 1585; x_wconf 88' lang='lat' dir='ltr'>poet</span> <span class='ocrx_word' id='word_1_70' title='bbox 876 1520 911 1563; x_wconf 79' lang='lat' dir='ltr'>v.</span> <span class='ocrx_word' id='word_1_71' title='bbox 930 1498 995 1561; x_wconf 84' lang='grc'><strong>719</strong></span> <span class='ocrx_word' id='word_1_72' title='bbox 1011 1494 1237 1561; x_wconf 87' lang='lat' dir='ltr'>collocandam</span> <span class='ocrx_word' id='word_1_73' title='bbox 1266 1565 1271 1576; x_wconf 55' lang='grc'><strong>,</strong></span> 
     </span>
     <span class='ocr_line' id='line_1_10' title="bbox 103 1609 1240 1699; baseline -0.001 -22"><span class='ocrx_word' id='word_1_74' title='bbox 103 1611 372 1699; x_wconf 76' lang='lat' dir='ltr'>descriptionem</span> <span class='ocrx_word' id='word_1_75' title='bbox 400 1612 540 1677; x_wconf 86' lang='lat' dir='ltr'>alteram</span> <span class='ocrx_word' id='word_1_76' title='bbox 568 1633 624 1678; x_wconf 83' lang='lat' dir='ltr'>vv.</span> <span class='ocrx_word' id='word_1_77' title='bbox 657 1612 862 1690; x_wconf 79' lang='lat'><strong>736-742.;</strong></span> <span class='ocrx_word' id='word_1_78' title='bbox 897 1609 1035 1675; x_wconf 84' lang='lat' dir='ltr'>tertiam</span> <span class='ocrx_word' id='word_1_79' title='bbox 1055 1631 1112 1676; x_wconf 82' lang='lat' dir='ltr'>vv.</span> <span class='ocrx_word' id='word_1_80' title='bbox 1134 1611 1240 1676; x_wconf 60' lang='grc'><strong>758*</strong></span> 
     </span>
     <span class='ocr_line' id='line_1_11' title="bbox 108 1706 1239 1813; baseline -0.003 -23"><span class='ocrx_word' id='word_1_81' title='bbox 108 1727 209 1804; x_wconf 81' lang='grc'><strong>766.;</strong></span> <span class='ocrx_word' id='word_1_82' title='bbox 233 1735 388 1811; x_wconf 88' lang='lat' dir='ltr'>quartam</span> <span class='ocrx_word' id='word_1_83' title='bbox 410 1746 469 1791; x_wconf 82' lang='lat' dir='ltr'>vv.</span> <span class='ocrx_word' id='word_1_84' title='bbox 492 1726 697 1805; x_wconf 83' lang='grc'><strong>767-773.;</strong></span> <span class='ocrx_word' id='word_1_85' title='bbox 719 1724 876 1813; x_wconf 81' lang='lat' dir='ltr'>quintam</span> <span class='ocrx_word' id='word_1_86' title='bbox 892 1745 947 1791; x_wconf 85' lang='lat' dir='ltr'>vv.</span> <span class='ocrx_word' id='word_1_87' title='bbox 962 1724 1152 1803; x_wconf 71' lang='grc'><strong>807-619.</strong></span> <span class='ocrx_word' id='word_1_88' title='bbox 1179 1706 1239 1792; x_wconf 86' lang='lat' dir='ltr'>Vi·</span> 
     </span>
     <span class='ocr_line' id='line_1_12' title="bbox 106 1834 1240 1925; baseline 0 -23"><span class='ocrx_word' id='word_1_89' title='bbox 106 1838 237 1902; x_wconf 86' lang='lat' dir='ltr'>dentur</span> <span class='ocrx_word' id='word_1_90' title='bbox 256 1846 368 1902; x_wconf 88' lang='lat' dir='ltr'>autem</span> <span class='ocrx_word' id='word_1_91' title='bbox 394 1836 461 1925; x_wconf 91' lang='lat' dir='ltr'>ipsi</span> <span class='ocrx_word' id='word_1_92' title='bbox 485 1838 524 1905; x_wconf 87' lang='lat' dir='ltr'>in</span> <span class='ocrx_word' id='word_1_93' title='bbox 541 1838 615 1903; x_wconf 86' lang='lat' dir='ltr'>loeo</span> <span class='ocrx_word' id='word_1_94' title='bbox 635 1837 677 1904; x_wconf 90' lang='lat' dir='ltr'>de</span> <span class='ocrx_word' id='word_1_95' title='bbox 698 1836 801 1925; x_wconf 82' lang='lat' dir='ltr'>Styge</span> <span class='ocrx_word' id='word_1_96' title='bbox 828 1834 931 1901; x_wconf 84' lang='lat' dir='ltr'>fuisse</span> <span class='ocrx_word' id='word_1_97' title='bbox 951 1859 1007 1903; x_wconf 82' lang='lat' dir='ltr'>vv.</span> <span class='ocrx_word' id='word_1_98' title='bbox 1033 1838 1109 1904; x_wconf 90' lang='grc'><strong>775.</strong></span> <span class='ocrx_word' id='word_1_99' title='bbox 1133 1836 1240 1902; x_wconf 83' lang='grc'><strong>743-</strong></span> 
     </span>
     <span class='ocr_line' id='line_1_13' title="bbox 108 1953 1241 2032; baseline -0.003 -13"><span class='ocrx_word' id='word_1_100' title='bbox 108 1956 190 2020; x_wconf 79' lang='lat'><strong>745.</strong></span> <span class='ocrx_word' id='word_1_101' title='bbox 225 1954 301 2019; x_wconf 82' lang='lat'><strong>731.</strong></span> <span class='ocrx_word' id='word_1_102' title='bbox 338 1955 549 2032; x_wconf 65' lang='lat' dir='ltr'>&#39;lte-ast„</span> <span class='ocrx_word' id='word_1_103' title='bbox 576 1953 645 2017; x_wconf 85' lang='lat' dir='ltr'>-nbi</span> <span class='ocrx_word' id='word_1_104' title='bbox 675 1964 791 2018; x_wconf 89' lang='lat' dir='ltr'>tamen</span> <span class='ocrx_word' id='word_1_105' title='bbox 820 1973 874 2019; x_wconf 87' lang='lat' dir='ltr'>vv.</span> <span class='ocrx_word' id='word_1_106' title='bbox 907 1954 1084 2016; x_wconf 83' lang='grc'><strong>755-757</strong></span> <span class='ocrx_word' id='word_1_107' title='bbox 1109 1953 1150 2016; x_wconf 83' lang='grc'>31)</span> <span class='ocrx_word' id='word_1_108' title='bbox 1173 1953 1241 2017; x_wconf 92' lang='lat' dir='ltr'>alio</span> 
     </span>
     <span class='ocr_line' id='line_1_14' title="bbox 105 2058 1241 2155; baseline -0.001 -26"><span class='ocrx_word' id='word_1_109' title='bbox 105 2068 211 2155; x_wconf 62' lang='lat' dir='ltr'>poeta</span> <span class='ocrx_word' id='word_1_110' title='bbox 232 2065 335 2153; x_wconf 85' lang='lat' dir='ltr'>positi</span> <span class='ocrx_word' id='word_1_111' title='bbox 353 2058 485 2130; x_wconf 80' lang='lat' dir='ltr'>inerint</span> <span class='ocrx_word' id='word_1_112' title='bbox 502 2089 566 2154; x_wconf 89' lang='lat' dir='ltr'>pro</span> <span class='ocrx_word' id='word_1_113' title='bbox 587 2064 737 2132; x_wconf 83' lang='lat' dir='ltr'>versibus</span> <span class='ocrx_word' id='word_1_114' title='bbox 757 2059 946 2129; x_wconf 72' lang='lat' dir='ltr'>tet-754.</span> <span class='ocrx_word' id='word_1_115' title='bbox 994 2064 1133 2152; x_wconf 79' lang='lat' dir='ltr'>Largior</span> <span class='ocrx_word' id='word_1_116' title='bbox 1147 2065 1241 2151; x_wconf 88' lang='lat' dir='ltr'>eqni·</span> 
     </span>
     <span class='ocr_line' id='line_1_15' title="bbox 105 2177 1239 2268; baseline -0.004 -22"><span class='ocrx_word' id='word_1_117' title='bbox 105 2182 201 2259; x_wconf 88' lang='lat' dir='ltr'>dem,</span> <span class='ocrx_word' id='word_1_118' title='bbox 222 2181 261 2246; x_wconf 88' lang='lat' dir='ltr'>in</span> <span class='ocrx_word' id='word_1_119' title='bbox 277 2179 344 2268; x_wconf 24' lang='lat' dir='ltr'>&#39;heo</span> <span class='ocrx_word' id='word_1_120' title='bbox 365 2178 576 2267; x_wconf 88' lang='lat' dir='ltr'>Theogoniae</span> <span class='ocrx_word' id='word_1_121' title='bbox 597 2188 693 2267; x_wconf 88' lang='lat' dir='ltr'>parte</span> <span class='ocrx_word' id='word_1_122' title='bbox 712 2177 824 2242; x_wconf 87' lang='lat' dir='ltr'>multa</span> <span class='ocrx_word' id='word_1_123' title='bbox 842 2178 965 2256; x_wconf 88' lang='lat' dir='ltr'>inesse,</span> <span class='ocrx_word' id='word_1_124' title='bbox 984 2198 1068 2264; x_wconf 90' lang='lat' dir='ltr'>quae</span> <span class='ocrx_word' id='word_1_125' title='bbox 1091 2177 1239 2265; x_wconf 82' lang='lat' dir='ltr'>interpo-</span> 
     </span>
    </p>
   </div>
   <div class='ocr_carea' id='block_1_3' title="bbox 105 2286 1440 2395">
    <p class='ocr_par' dir='ltr' id='par_1_3' title="bbox 105 2286 1440 2395">
     <span class='ocr_line' id='line_1_16' title="bbox 105 2286 1440 2395; baseline -0.002 -38"><span class='ocrx_word' id='word_1_126' title='bbox 105 2294 181 2357; x_wconf 88' lang='lat' dir='ltr'>lata</span> <span class='ocrx_word' id='word_1_127' title='bbox 201 2291 309 2357; x_wconf 81' lang='lat' dir='ltr'>videri</span> <span class='ocrx_word' id='word_1_128' title='bbox 324 2291 462 2380; x_wconf 76' lang='lat' dir='ltr'>possint,</span> <span class='ocrx_word' id='word_1_129' title='bbox 474 2289 671 2379; x_wconf 85' lang='lat' dir='ltr'>praesertim</span> <span class='ocrx_word' id='word_1_130' title='bbox 687 2310 767 2353; x_wconf 88' lang='lat' dir='ltr'>cum</span> <span class='ocrx_word' id='word_1_131' title='bbox 788 2286 897 2355; x_wconf 84' lang='lat' dir='ltr'>facilis</span> <span class='ocrx_word' id='word_1_132' title='bbox 914 2289 955 2355; x_wconf 88' lang='lat' dir='ltr'>ad</span> <span class='ocrx_word' id='word_1_133' title='bbox 966 2289 1236 2378; x_wconf 83' lang='lat' dir='ltr'>interpolandnm</span> <span class='ocrx_word' id='word_1_134' title='bbox 1350 2347 1352 2350; x_wconf 23' lang='lat' dir='ltr'>t</span> <span class='ocrx_word' id='word_1_135' title='bbox 1436 2380 1440 2395; x_wconf 36' lang='grc' dir='ltr'><strong><em>Ι</em></strong></span> 
     </span>
    </p>
   </div>
   <div class='ocr_carea' id='block_1_4' title="bbox 104 2388 1281 2825">
    <p class='ocr_par' dir='ltr' id='par_1_4' title="bbox 104 2388 1281 2825">
     <span class='ocr_line' id='line_1_17' title="bbox 105 2388 1236 2492; baseline -0.004 -22"><span class='ocrx_word' id='word_1_136' title='bbox 105 2404 168 2470; x_wconf 84' lang='lat' dir='ltr'>via</span> <span class='ocrx_word' id='word_1_137' title='bbox 190 2402 296 2468; x_wconf 87' lang='lat' dir='ltr'>fuerit</span> <span class='ocrx_word' id='word_1_138' title='bbox 312 2419 376 2491; x_wconf 87' lang='lat' dir='ltr'>per·</span> <span class='ocrx_word' id='word_1_139' title='bbox 392 2403 579 2492; x_wconf 87' lang='lat' dir='ltr'>repetitum</span> <span class='ocrx_word' id='word_1_140' title='bbox 601 2388 685 2468; x_wconf 64' lang='grc' dir='ltr'><strong>ἔνθα.</strong></span> <span class='ocrx_word' id='word_1_141' title='bbox 719 2400 783 2468; x_wconf 87' lang='lat' dir='ltr'>Sed</span> <span class='ocrx_word' id='word_1_142' title='bbox 801 2424 879 2466; x_wconf 89' lang='lat' dir='ltr'>cum</span> <span class='ocrx_word' id='word_1_143' title='bbox 899 2401 1108 2491; x_wconf 85' lang='lat' dir='ltr'>Goettlingio</span> <span class='ocrx_word' id='word_1_144' title='bbox 1122 2404 1175 2470; x_wconf 84' lang='lat' dir='ltr'>vel</span> <span class='ocrx_word' id='word_1_145' title='bbox 1187 2401 1236 2481; x_wconf 85' lang='lat' dir='ltr'>iis,</span> 
     </span>
     <span class='ocr_line' id='line_1_18' title="bbox 106 2512 1239 2604; baseline 0.001 -24"><span class='ocrx_word' id='word_1_146' title='bbox 106 2514 235 2604; x_wconf 84' lang='lat' dir='ltr'>quibus</span> <span class='ocrx_word' id='word_1_147' title='bbox 257 2517 298 2582; x_wconf 90' lang='lat' dir='ltr'>de</span> <span class='ocrx_word' id='word_1_148' title='bbox 320 2513 408 2581; x_wconf 81' lang='lat' dir='ltr'>faeta</span> <span class='ocrx_word' id='word_1_149' title='bbox 439 2514 701 2603; x_wconf 78' lang='lat' dir='ltr'>interpolatione</span> <span class='ocrx_word' id='word_1_150' title='bbox 726 2536 920 2603; x_wconf 87' lang='lat' dir='ltr'>persuasum</span> <span class='ocrx_word' id='word_1_151' title='bbox 943 2514 1003 2594; x_wconf 87' lang='lat' dir='ltr'>sit,</span> <span class='ocrx_word' id='word_1_152' title='bbox 1021 2512 1157 2580; x_wconf 88' lang='lat' dir='ltr'>difficile</span> <span class='ocrx_word' id='word_1_153' title='bbox 1176 2536 1239 2580; x_wconf 90' lang='lat' dir='ltr'>esse</span> 
     </span>
     <span class='ocr_line' id='line_1_19' title="bbox 105 2601 1281 2717; baseline 0.003 -26"><span class='ocrx_word' id='word_1_154' title='bbox 105 2637 208 2716; x_wconf 87' lang='lat' dir='ltr'>puto,</span> <span class='ocrx_word' id='word_1_155' title='bbox 224 2626 330 2717; x_wconf 78' lang='lat' dir='ltr'>certis</span> <span class='ocrx_word' id='word_1_156' title='bbox 345 2624 534 2692; x_wconf 87' lang='lat' dir='ltr'>rationibus</span> <span class='ocrx_word' id='word_1_157' title='bbox 553 2625 713 2705; x_wconf 87' lang='lat' dir='ltr'>definire,</span> <span class='ocrx_word' id='word_1_158' title='bbox 734 2625 858 2692; x_wconf 88' lang='lat' dir='ltr'>ubisit</span> <span class='ocrx_word' id='word_1_159' title='bbox 880 2625 1145 2715; x_wconf 65' lang='lat' dir='ltr'>interpolatum</span> <span class='ocrx_word' id='word_1_160' title='bbox 1164 2601 1240 2694; x_wconf 62' lang='lat' dir='ltr'>nec·</span> <span class='ocrx_word' id='word_1_161' title='bbox 1271 2648 1281 2671; x_wconf 40' lang='grc' dir='ltr'>ι’</span> 
     </span>
     <span class='ocr_line' id='line_1_20' title="bbox 104 2736 1239 2825; baseline 0.004 -24"><span class='ocrx_word' id='word_1_162' title='bbox 104 2737 195 2802; x_wconf 88' lang='lat' dir='ltr'>dum</span> <span class='ocrx_word' id='word_1_163' title='bbox 214 2737 304 2802; x_wconf 90' lang='lat' dir='ltr'>mihi</span> <span class='ocrx_word' id='word_1_164' title='bbox 323 2737 361 2802; x_wconf 89' lang='lat' dir='ltr'>in</span> <span class='ocrx_word' id='word_1_165' title='bbox 379 2736 476 2816; x_wconf 90' lang='lat' dir='ltr'>locis,</span> <span class='ocrx_word' id='word_1_166' title='bbox 501 2738 541 2802; x_wconf 88' lang='lat' dir='ltr'>ad</span> <span class='ocrx_word' id='word_1_167' title='bbox 559 2760 640 2825; x_wconf 88' lang='lat' dir='ltr'>quos</span> <span class='ocrx_word' id='word_1_168' title='bbox 651 2738 729 2807; x_wconf 85' lang='lat' dir='ltr'>Viri</span> <span class='ocrx_word' id='word_1_169' title='bbox 747 2738 845 2805; x_wconf 83' lang='lat' dir='ltr'>Docti</span> <span class='ocrx_word' id='word_1_170' title='bbox 860 2740 1079 2820; x_wconf 87' lang='lat' dir='ltr'>offenderunt,</span> <span class='ocrx_word' id='word_1_171' title='bbox 1099 2742 1140 2806; x_wconf 91' lang='lat' dir='ltr'>de</span> <span class='ocrx_word' id='word_1_172' title='bbox 1154 2739 1239 2806; x_wconf 84' lang='lat' dir='ltr'>facta</span> 
     </span>
    </p>
   </div>
   <div class='ocr_carea' id='block_1_5' title="bbox 106 2848 1378 2941">
    <p class='ocr_par' dir='ltr' id='par_1_5' title="bbox 106 2848 1378 2941">
     <span class='ocr_line' id='line_1_21' title="bbox 106 2848 1378 2941; baseline 0.005 -27"><span class='ocrx_word' id='word_1_173' title='bbox 106 2848 373 2937; x_wconf 69' lang='lat' dir='ltr'>interpolatione</span> <span class='ocrx_word' id='word_1_174' title='bbox 395 2849 474 2915; x_wconf 87' lang='lat' dir='ltr'>satis</span> <span class='ocrx_word' id='word_1_175' title='bbox 500 2862 640 2917; x_wconf 77' lang='lat' dir='ltr'>constat.</span> <span class='ocrx_word' id='word_1_176' title='bbox 693 2850 792 2918; x_wconf 90' lang='lat' dir='ltr'>Certe</span> <span class='ocrx_word' id='word_1_177' title='bbox 820 2853 1035 2941; x_wconf 84' lang='lat' dir='ltr'>repetitiones</span> <span class='ocrx_word' id='word_1_178' title='bbox 1059 2855 1239 2919; x_wconf 88' lang='lat' dir='ltr'>eorundem</span> <span class='ocrx_word' id='word_1_179' title='bbox 1375 2893 1378 2900; x_wconf 95' lang='lat'>·</span> 
     </span>
    </p>
   </div>
   <div class='ocr_carea' id='block_1_6' title="bbox 106 2961 1309 4181">
    <p class='ocr_par' dir='ltr' id='par_1_6' title="bbox 106 2961 1309 4181">
     <span class='ocr_line' id='line_1_22' title="bbox 106 2961 1239 3055; baseline 0.004 -27"><span class='ocrx_word' id='word_1_180' title='bbox 106 2973 144 3028; x_wconf 88' lang='lat' dir='ltr'>et</span> <span class='ocrx_word' id='word_1_181' title='bbox 160 2983 222 3050; x_wconf 87' lang='lat' dir='ltr'>per</span> <span class='ocrx_word' id='word_1_182' title='bbox 240 2983 292 3026; x_wconf 85' lang='lat' dir='ltr'>eas</span> <span class='ocrx_word' id='word_1_183' title='bbox 304 2961 519 3027; x_wconf 80' lang='lat' dir='ltr'>transitiones</span> <span class='ocrx_word' id='word_1_184' title='bbox 537 2964 578 3028; x_wconf 85' lang='grc'>33</span> <span class='ocrx_word' id='word_1_185' title='bbox 591 2963 659 3028; x_wconf 88' lang='grc'><strong>3113</strong></span> <span class='ocrx_word' id='word_1_186' title='bbox 678 2964 720 3029; x_wconf 83' lang='grc'>33</span> <span class='ocrx_word' id='word_1_187' title='bbox 738 2964 858 3029; x_wconf 85' lang='lat' dir='ltr'>iisdem</span> <span class='ocrx_word' id='word_1_188' title='bbox 878 2966 1046 3031; x_wconf 85' lang='lat' dir='ltr'>narranda</span> <span class='ocrx_word' id='word_1_189' title='bbox 1068 2965 1120 3055; x_wconf 88' lang='lat' dir='ltr'>(ut</span> <span class='ocrx_word' id='word_1_190' title='bbox 1132 2990 1162 3041; x_wconf 72' lang='lat' dir='ltr'>y.</span> <span class='ocrx_word' id='word_1_191' title='bbox 1176 2968 1239 3033; x_wconf 87' lang='grc'>736</span> 
     </span>
     <span class='ocr_line' id='line_1_23' title="bbox 106 3070 1240 3163; baseline 0.004 -26"><span class='ocrx_word' id='word_1_192' title='bbox 106 3070 214 3161; x_wconf 87' lang='lat' dir='ltr'>seqq.)</span> <span class='ocrx_word' id='word_1_193' title='bbox 246 3074 356 3138; x_wconf 91' lang='lat' dir='ltr'>nescio</span> <span class='ocrx_word' id='word_1_194' title='bbox 378 3095 422 3138; x_wconf 86' lang='lat' dir='ltr'>an</span> <span class='ocrx_word' id='word_1_195' title='bbox 443 3094 514 3140; x_wconf 90' lang='lat' dir='ltr'>non</span> <span class='ocrx_word' id='word_1_196' title='bbox 534 3075 662 3140; x_wconf 82' lang='lat' dir='ltr'>alienae</span> <span class='ocrx_word' id='word_1_197' title='bbox 683 3075 861 3141; x_wconf 79' lang='lat' dir='ltr'>censendae</span> <span class='ocrx_word' id='word_1_198' title='bbox 891 3075 960 3140; x_wconf 87' lang='lat' dir='ltr'>sint</span> <span class='ocrx_word' id='word_1_199' title='bbox 981 3075 1023 3141; x_wconf 89' lang='lat' dir='ltr'>ab</span> <span class='ocrx_word' id='word_1_200' title='bbox 1042 3077 1240 3163; x_wconf 88' lang='lat' dir='ltr'>antiquioris</span> 
     </span>
     <span class='ocr_line' id='line_1_24' title="bbox 106 3170 1308 3279; baseline 0.004 -28"><span class='ocrx_word' id='word_1_201' title='bbox 106 3184 234 3251; x_wconf 86' lang='lat' dir='ltr'>saeculi</span> <span class='ocrx_word' id='word_1_202' title='bbox 264 3196 298 3250; x_wconf 88' lang='lat' dir='ltr'>ct</span> <span class='ocrx_word' id='word_1_203' title='bbox 319 3186 470 3251; x_wconf 83' lang='lat' dir='ltr'>nondum</span> <span class='ocrx_word' id='word_1_204' title='bbox 498 3187 651 3253; x_wconf 85' lang='lat' dir='ltr'>excultae</span> <span class='ocrx_word' id='word_1_205' title='bbox 678 3170 757 3252; x_wconf 70' lang='lat' dir='ltr'>salis</span> <span class='ocrx_word' id='word_1_206' title='bbox 785 3188 866 3254; x_wconf 89' lang='lat' dir='ltr'>artis</span> <span class='ocrx_word' id='word_1_207' title='bbox 888 3191 997 3277; x_wconf 63' lang='lat' dir='ltr'>poeta.</span> <span class='ocrx_word' id='word_1_208' title='bbox 1043 3190 1153 3270; x_wconf 86' lang='lat' dir='ltr'>Tum,</span> <span class='ocrx_word' id='word_1_209' title='bbox 1184 3202 1242 3279; x_wconf 76' lang='lat' dir='ltr'>aut</span> <span class='ocrx_word' id='word_1_210' title='bbox 1305 3255 1308 3263; x_wconf 79' lang='grc'><strong>,</strong></span> 
     </span>
     <span class='ocr_line' id='line_1_25' title="bbox 107 3290 1309 3389; baseline 0.006 -25"><span class='ocrx_word' id='word_1_211' title='bbox 107 3290 241 3387; x_wconf 86' lang='lat' dir='ltr'>egregie</span> <span class='ocrx_word' id='word_1_212' title='bbox 262 3296 380 3378; x_wconf 82' lang='lat' dir='ltr'>fallor,</span> <span class='ocrx_word' id='word_1_213' title='bbox 406 3299 523 3365; x_wconf 87' lang='lat' dir='ltr'>autin</span> <span class='ocrx_word' id='word_1_214' title='bbox 544 3299 607 3365; x_wconf 92' lang='lat' dir='ltr'>hac</span> <span class='ocrx_word' id='word_1_215' title='bbox 630 3312 737 3389; x_wconf 88' lang='lat' dir='ltr'>parte,</span> <span class='ocrx_word' id='word_1_216' title='bbox 756 3313 798 3366; x_wconf 87' lang='lat' dir='ltr'>ut</span> <span class='ocrx_word' id='word_1_217' title='bbox 815 3325 906 3368; x_wconf 88' lang='lat' dir='ltr'>nuno</span> <span class='ocrx_word' id='word_1_218' title='bbox 925 3326 959 3368; x_wconf 87' lang='lat' dir='ltr'>se</span> <span class='ocrx_word' id='word_1_219' title='bbox 981 3302 1091 3385; x_wconf 88' lang='lat' dir='ltr'>habet,</span> <span class='ocrx_word' id='word_1_220' title='bbox 1118 3306 1239 3371; x_wconf 88' lang='lat' dir='ltr'>carmi·</span> <span class='ocrx_word' id='word_1_221' title='bbox 1303 3362 1309 3371; x_wconf 75' lang='grc'>,</span> 
     </span>
     <span class='ocr_line' id='line_1_26' title="bbox 108 3409 1241 3501; baseline 0.006 -25"><span class='ocrx_word' id='word_1_222' title='bbox 108 3410 167 3476; x_wconf 89' lang='lat' dir='ltr'>nis</span> <span class='ocrx_word' id='word_1_223' title='bbox 189 3409 257 3475; x_wconf 86' lang='lat' dir='ltr'>alia</span> <span class='ocrx_word' id='word_1_224' title='bbox 278 3410 364 3490; x_wconf 89' lang='lat' dir='ltr'>aliis,</span> <span class='ocrx_word' id='word_1_225' title='bbox 384 3412 514 3479; x_wconf 86' lang='lat' dir='ltr'>diverso</span> <span class='ocrx_word' id='word_1_226' title='bbox 538 3413 612 3478; x_wconf 89' lang='lat' dir='ltr'>loco</span> <span class='ocrx_word' id='word_1_227' title='bbox 626 3412 762 3501; x_wconf 90' lang='lat' dir='ltr'>positis,</span> <span class='ocrx_word' id='word_1_228' title='bbox 786 3412 834 3479; x_wconf 87' lang='lat' dir='ltr'>ita</span> <span class='ocrx_word' id='word_1_229' title='bbox 852 3414 963 3480; x_wconf 90' lang='lat' dir='ltr'>lucem</span> <span class='ocrx_word' id='word_1_230' title='bbox 985 3414 1188 3497; x_wconf 81' lang='lat' dir='ltr'>adfundnnt,</span> <span class='ocrx_word' id='word_1_231' title='bbox 1202 3430 1241 3483; x_wconf 91' lang='lat' dir='ltr'>ut</span> 
     </span>
     <span class='ocr_line' id='line_1_27' title="bbox 109 3522 1237 3621; baseline 0.005 -30"><span class='ocrx_word' id='word_1_232' title='bbox 109 3522 229 3591; x_wconf 88' lang='lat' dir='ltr'>omnia</span> <span class='ocrx_word' id='word_1_233' title='bbox 258 3523 299 3589; x_wconf 89' lang='lat' dir='ltr'>ab</span> <span class='ocrx_word' id='word_1_234' title='bbox 331 3525 476 3591; x_wconf 88' lang='lat' dir='ltr'>eiusdem</span> <span class='ocrx_word' id='word_1_235' title='bbox 499 3529 617 3614; x_wconf 67' lang='lat' dir='ltr'>poetae</span> <span class='ocrx_word' id='word_1_236' title='bbox 636 3527 773 3614; x_wconf 87' lang='lat' dir='ltr'>ingenio</span> <span class='ocrx_word' id='word_1_237' title='bbox 794 3527 946 3617; x_wconf 80' lang='lat' dir='ltr'>profecte</span> <span class='ocrx_word' id='word_1_238' title='bbox 971 3531 1080 3597; x_wconf 81' lang='lat' dir='ltr'>videri</span> <span class='ocrx_word' id='word_1_239' title='bbox 1100 3532 1237 3621; x_wconf 86' lang='lat' dir='ltr'>possint.</span> 
     </span>
     <span class='ocr_line' id='line_1_28' title="bbox 111 3636 1238 3729; baseline 0.005 -27"><span class='ocrx_word' id='word_1_240' title='bbox 111 3636 212 3724; x_wconf 87' lang='lat' dir='ltr'>Quod</span> <span class='ocrx_word' id='word_1_241' title='bbox 235 3647 346 3703; x_wconf 87' lang='lat' dir='ltr'>autem</span> <span class='ocrx_word' id='word_1_242' title='bbox 368 3637 580 3706; x_wconf 80' lang='lat' dir='ltr'>Muetzellius</span> <span class='ocrx_word' id='word_1_243' title='bbox 601 3663 636 3729; x_wconf 90' lang='lat' dir='ltr'>p.</span> <span class='ocrx_word' id='word_1_244' title='bbox 654 3639 728 3708; x_wconf 83' lang='grc'><strong>493.</strong></span> <span class='ocrx_word' id='word_1_245' title='bbox 750 3641 938 3729; x_wconf 88' lang='lat' dir='ltr'>pleniorem</span> <span class='ocrx_word' id='word_1_246' title='bbox 951 3666 988 3708; x_wconf 89' lang='lat' dir='ltr'>ac</span> <span class='ocrx_word' id='word_1_247' title='bbox 1006 3644 1238 3710; x_wconf 88' lang='lat' dir='ltr'>rotundiorem</span> 
     </span>
     <span class='ocr_line' id='line_1_29' title="bbox 111 3738 1239 3845; baseline 0.003 -29"><span class='ocrx_word' id='word_1_248' title='bbox 111 3774 130 3816; x_wconf 89' lang='lat' dir='ltr'>a</span> <span class='ocrx_word' id='word_1_249' title='bbox 159 3753 278 3839; x_wconf 78' lang='lat' dir='ltr'>politae</span> <span class='ocrx_word' id='word_1_250' title='bbox 304 3773 362 3817; x_wconf 88' lang='lat' dir='ltr'>ore</span> <span class='ocrx_word' id='word_1_251' title='bbox 390 3752 551 3840; x_wconf 88' lang='lat' dir='ltr'>prodiisse</span> <span class='ocrx_word' id='word_1_252' title='bbox 584 3755 736 3819; x_wconf 87' lang='lat' dir='ltr'>locorum</span> <span class='ocrx_word' id='word_1_253' title='bbox 764 3751 955 3820; x_wconf 83' lang='lat' dir='ltr'>inferorum</span> <span class='ocrx_word' id='word_1_254' title='bbox 981 3738 1239 3845; x_wconf 78' lang='lat' dir='ltr'>descriptionem</span> 
     </span>
     <span class='ocr_line' id='line_1_30' title="bbox 110 3858 1240 3957; baseline 0.004 -30"><span class='ocrx_word' id='word_1_255' title='bbox 110 3858 266 3942; x_wconf 47' lang='lat' dir='ltr'>coniicitss</span> <span class='ocrx_word' id='word_1_256' title='bbox 289 3863 459 3930; x_wconf 87' lang='lat' dir='ltr'>diversum</span> <span class='ocrx_word' id='word_1_257' title='bbox 482 3863 552 3930; x_wconf 82' lang='lat' dir='ltr'>eius</span> <span class='ocrx_word' id='word_1_258' title='bbox 573 3887 711 3954; x_wconf 86' lang='lat' dir='ltr'>arguere</span> <span class='ocrx_word' id='word_1_259' title='bbox 731 3865 868 3933; x_wconf 83' lang='lat' dir='ltr'>videtur</span> <span class='ocrx_word' id='word_1_260' title='bbox 888 3890 908 3931; x_wconf 90' lang='grc'>3</span> <span class='ocrx_word' id='word_1_261' title='bbox 927 3890 1027 3957; x_wconf 88' lang='lat' dir='ltr'>supra</span> <span class='ocrx_word' id='word_1_262' title='bbox 1046 3868 1240 3934; x_wconf 84' lang='lat' dir='ltr'>memoratis</span> 
     </span>
     <span class='ocr_line' id='line_1_31' title="bbox 112 3976 1237 4068; baseline 0.001 -24"><span class='ocrx_word' id='word_1_263' title='bbox 112 3976 207 4044; x_wconf 89' lang='lat' dir='ltr'>Viris</span> <span class='ocrx_word' id='word_1_264' title='bbox 229 3977 342 4043; x_wconf 90' lang='lat' dir='ltr'>Doctis</span> <span class='ocrx_word' id='word_1_265' title='bbox 360 3977 537 4057; x_wconf 86' lang='lat' dir='ltr'>iudicium,</span> <span class='ocrx_word' id='word_1_266' title='bbox 560 3979 614 4044; x_wconf 87' lang='lat' dir='ltr'>sed</span> <span class='ocrx_word' id='word_1_267' title='bbox 634 3979 676 4044; x_wconf 90' lang='lat' dir='ltr'>de</span> <span class='ocrx_word' id='word_1_268' title='bbox 693 3990 766 4044; x_wconf 85' lang='lat' dir='ltr'>arte</span> <span class='ocrx_word' id='word_1_269' title='bbox 780 3982 896 4068; x_wconf 72' lang='lat' dir='ltr'>poetae</span> <span class='ocrx_word' id='word_1_270' title='bbox 915 3980 1031 4068; x_wconf 84' lang='lat' dir='ltr'>psallo</span> <span class='ocrx_word' id='word_1_271' title='bbox 1051 3980 1237 4068; x_wconf 88' lang='lat' dir='ltr'>benignius,</span> 
     </span>
     <span class='ocr_line' id='line_1_32' title="bbox 113 4096 789 4181; baseline 0.012 -23"><span class='ocrx_word' id='word_1_272' title='bbox 113 4115 216 4181; x_wconf 89' lang='lat' dir='ltr'>quam</span> <span class='ocrx_word' id='word_1_273' title='bbox 237 4107 278 4161; x_wconf 88' lang='lat' dir='ltr'>ut</span> <span class='ocrx_word' id='word_1_274' title='bbox 299 4117 353 4165; x_wconf 86' lang='lat' dir='ltr'>me</span> <span class='ocrx_word' id='word_1_275' title='bbox 375 4096 637 4164; x_wconf 87' lang='lat' dir='ltr'>consentientem</span> <span class='ocrx_word' id='word_1_276' title='bbox 659 4098 789 4166; x_wconf 70' lang='lat' dir='ltr'>haben.</span> 
     </span>
    </p>
   </div>
   <div class='ocr_carea' id='block_1_7' title="bbox 161 4307 1236 4421">
    <p class='ocr_par' dir='ltr' id='par_1_7' title="bbox 161 4307 1236 4421">
     <span class='ocr_line' id='line_1_33' title="bbox 161 4307 1236 4421; baseline 0.015 -40"><span class='ocrx_word' id='word_1_277' title='bbox 161 4338 194 4382; x_wconf 77' lang='lat' dir='ltr'>v.</span> <span class='ocrx_word' id='word_1_278' title='bbox 219 4320 283 4385; x_wconf 88' lang='grc'>736</span> <span class='ocrx_word' id='word_1_279' title='bbox 309 4345 394 4410; x_wconf 85' lang='lat' dir='ltr'>seqq.</span> <span class='ocrx_word' id='word_1_280' title='bbox 422 4307 521 4392; x_wconf 68' lang='grc' dir='ltr'><em>’Ἔνθα</em></span> <span class='ocrx_word' id='word_1_281' title='bbox 545 4325 590 4414; x_wconf 80' lang='lat' dir='ltr'>(r.</span> <span class='ocrx_word' id='word_1_282' title='bbox 614 4323 703 4421; x_wconf 83' lang='grc'><strong>736.)</strong></span> <span class='ocrx_word' id='word_1_283' title='bbox 729 4329 895 4416; x_wconf 86' lang='lat' dir='ltr'>quomodo</span> <span class='ocrx_word' id='word_1_284' title='bbox 921 4329 1148 4419; x_wconf 85' lang='lat' dir='ltr'>accipiendum</span> <span class='ocrx_word' id='word_1_285' title='bbox 1175 4333 1236 4407; x_wconf 80' lang='lat' dir='ltr'>sit,</span> 
     </span>
    </p>
   </div>
   <div class='ocr_carea' id='block_1_8' title="bbox 0 0 1492 5209">
    <p class='ocr_par' dir='ltr' id='par_1_8' title="bbox 0 0 1492 5209">
     <span class='ocr_line' id='line_1_34' title="bbox 0 0 1492 5209; baseline 0 0"><span class='ocrx_word' id='word_1_286' title='bbox 0 0 1492 5209; x_wconf 95' lang='lat' dir='ltr'> </span> 
     </span>
    </p>
   </div>
  </div>
 </body>
</html>
