2967 5209
480 495 511 541 nt
537 495 663 547 nssrorn
685 495 902 544 rasoaonna.
1181 470 1254 544 249

123 665 193 733 lod.
223 666 248 730 Ι.
273 665 332 732 Vl.
356 670 389 731 3.
417 665 520 732 iidem
554 667 662 733 habiti
691 666 845 747 fuissent„
862 656 1045 752 Τυφωεὺς,
1066 658 1192 753 Τυφὼν
1219 679 1253 733 et

125 765 261 863 ΤνΦύς.
307 778 418 847 Potest
440 801 565 845 nomen
595 780 659 845 hoo
686 782 913 868 qualicunque
941 779 1050 846 forma
1078 781 1252 868 proditum

125 889 269 956 Graecae
283 889 425 978 originis
436 891 555 971 videri,
572 893 713 958 ductum
733 888 873 978 ατύφα,
888 904 927 957 ut
940 894 1016 958 vult
1027 895 1142 981 Etym.
1159 893 1204 958 M.
1220 918 1251 961 v.

125 992 250 1089 Τυφὼν
264 1005 383 1091 pm.
396 1005 439 1069 30
447 1025 546 1092 seqq„
562 1026 640 1070 curn
651 1006 696 1071 sit
708 1016 828 1072 ventus
840 1005 954 1093 igneae
968 1017 1118 1085 naturae,
1135 1009 1254 1074 Eusta-

118 1100 202 1182 'thio
219 1116 261 1181 ad
281 1114 322 1181 Il.
340 1138 376 1203 p.
388 1117 465 1183 261.
478 1121 533 1183 88.
548 1117 679 1204 πνεῦμα
689 1104 855 1206 ὑπογέων,
867 1108 982 1204 tropici
1003 1110 1061 1182 καὶ
1077 1111 1254 1184 moritis

125 1223 230 1318 (conf.
257 1226 350 1295 infra
370 1251 404 1295 v.
425 1228 534 1318 stt),
566 1254 626 1297 nec
644 1243 759 1298 tamen
782 1232 857 1297 ideo
880 1230 1120 1320 pronuntiem,
1141 1255 1254 1298 errare

123 1364 198 1420 eos,
221 1342 280 1429 qni
303 1344 514 1431 peregrinam
540 1353 690 1410 statuant
708 1344 858 1410 nominis
882 1344 1065 1433 originem,
1091 1344 1161 1411 sive
1188 1343 1254 1410 Ae-

125 1454 291 1543 gyptiam,
314 1465 354 1519 ut
374 1454 565 1521 lablonskio
588 1457 720 1545 placuit
738 1457 859 1522 Panth.
881 1456 1023 1545 Aegypt.
1044 1457 1086 1526 V.
1110 1458 1161 1535 2.,
1184 1457 1254 1522 sive

128 1564 348 1646 Orientalem,
376 1589 454 1633 cum
479 1569 613 1654 tuffones
643 1568 746 1633 etiam
777 1557 868 1633 nuno
892 1567 968 1633 lndi
989 1567 1256 1635 vehementiores

126 1693 242 1747 ventos
257 1691 391 1762 vocent,
415 1692 496 1747 teste
519 1682 672 1747 Turnero
695 1682 733 1746 in
756 1681 881 1747 Itinere
904 1681 1092 1748 Thibetano
1115 1683 1141 1749 l.
1169 1685 1199 1750 1.

171 1927 203 1971 v.
237 1909 302 1972 309
332 1928 419 1994 seqq.
451 1905 602 1973 Orthum
631 1906 785 1974 Echidna
817 1904 899 1973 κύνα
925 1900 1058 1995 γείνατο
1087 1904 1256 1996 lapsanti,

79 2106 83 2113 ι
125 2041 192 2106 quo
215 2019 367 2108 deinceps
397 2030 549 2085 uteretur
573 2020 711 2109 Geryon
735 2021 781 2110 (v.
808 2024 885 2089 309.
914 2045 1015 2111 supra
1036 2021 1146 2110 293.);
1174 2022 1255 2089 Cer·

126 2132 248 2197 barum
276 2130 321 2221 (v.
343 2130 432 2220 311.)
459 2120 576 2200 ’1111εο
595 2129 678 2198 κύνα
699 2125 938 2223 χαλκεόφωνον
959 2158 1073 2215 aerea,
1103 2137 1127 2199 i.
1148 2157 1176 2199 e.
1201 2136 1255 2199 in·

125 2242 233 2310 fracta
264 2266 343 2312 voce
377 2244 585 2332 praeditum,
623 2246 712 2333 quod
743 2246 917 2334 epitheton
949 2244 1098 2311 Stentori
1131 2246 1256 2312 tribuit

127 2356 292 2423 Homerus
311 2359 353 2424 ll.
377 2358 416 2423 E.
440 2359 516 2424 785.
542 2355 642 2425 conf.
663 2356 714 2423 Sc.
735 2382 768 2425 v.
789 2359 865 2423 243.
898 2348 1256 2444 Πεντκκοντακέφαλνν
1349 2372 1356 2389 ’

126 2468 220 2535 dixit
251 2470 409 2537 Hesiodus
430 2493 509 2534 cum
538 2471 597 2551 iis,
628 2471 750 2558 quibus
775 2494 935 2538 numerus
952 2472 1256 2561 quinquagenarius

124 2604 189 2670 pro
220 2605 341 2671 magno
364 2583 504 2672 placuit.
536 2574 1253 2673 1111013111ἑκατόγκρανανιηκΙιιειυηῐ,

125 2695 216 2760 unde
235 2695 340 2759 bellua
360 2704 515 2782 centiceps
535 2694 663 2759 dicitur
683 2695 822 2761 Horatio
844 2697 889 2762 ΙΙ.
914 2696 1008 2763 XIII.
1034 2698 1089 2763 34.
1124 2684 1257 2785 τρῖκρα·
1300 2772 1313 2787 ,

125 2825 177 2872 νον
199 2803 355 2872 σκύλακα
375 2806 444 2871 iam
467 2805 647 2895 Sophocles
671 2807 709 2872 in
734 2807 856 2873 Traoh.
881 2832 913 2874 v.
934 2811 1029 2876 1098.
1048 2821 1081 2874 et
1100 2809 1256 2897 deinceps

125 2920 325 3008 posteriores
352 2932 488 2987 tantum
516 2942 585 2984 non
616 2941 731 2984 omnes
764 2919 890 2998 dixere,
918 2920 973 2984 sod
1004 2921 1068 2998 ita,
1086 2931 1126 2984 ut
1148 2920 1257 2984 tribus

123 3033 255 3099 caninis
283 3034 449 3123 capitibus
477 3035 588 3100 multa
614 3055 701 3122 pone
727 3032 906 3098 adhaerere
926 3033 1072 3121 anguina
1091 3033 1257 3120 fingerent

129 3145 214 3236 (vid.
243 3145 401 3237 Apollod.
425 3147 469 3211 ΙΙ.
488 3147 530 3214 V.
553 3148 593 3210 12
614 3142 725 3233 init),
756 3168 840 3232 qnae
860 3146 974 3233 ignota
994 3142 1096 3210 faisse
1116 3145 1256 3213 Hesiodo
1359 3136 1363 3141 ’

123 3259 297 3327 videntur.
344 3261 507 3327 Homerus
530 3261 571 3326 ll.
596 3258 639 3324 Θ.
664 3260 740 3325 368.
763 3257 965 3346 simpliciter
989 3270 1155 3324 memorat
1176 3253 1258 3322 κύνα

18 3426 19 3433 ,
125 3372 290 3461 στυγεροῦ
312 3362 442 3457 Ἀΐδαο,
462 3396 505 3439 ne
528 3373 668 3439 nomine
685 3372 822 3459 quidem
850 3371 982 3452 addito,
1009 3383 1049 3436 nt
1066 3394 1172 3461 neque
1190 3370 1254 3439 Od.

126 3485 171 3551 Λ.
193 3486 270 3555 623.
295 3484 395 3553 conf.
418 3486 593 3553 Pausanias
613 3485 672 3551 111.
695 3487 749 3550 25.
773 3506 899 3571 exque
922 3482 993 3550 fere
1015 3485 1168 3574 colligas,
1184 3486 1256 3572 pri·

126 3620 220 3664 mam
249 3590 290 3663 de
320 3597 463 3666 Cerbero
498 3597 624 3665 famam
656 3621 675 3662 a
704 3598 855 3663 Taenaro
885 3598 1023 3665 venisse.
1071 3598 1257 3663 Potuerunt

127 3711 244 3798 utique
277 3712 420 3790 accolae,
455 3724 494 3776 ut
529 3710 637 3777 fauces
673 3709 850 3776 Taenarias
877 3708 944 3772 alta
966 3717 1049 3774 ostia
1069 3710 1176 3785 Ditis,
1208 3707 1256 3772 ita

127 3836 245 3891 natum
269 3824 409 3891 subinde
431 3825 645 3890 tremendum
667 3822 706 3887 in
723 3821 786 3887 illa
801 3842 942 3886 caverna
957 3840 1078 3885 sonum
1093 3819 1256 3883 latratum

126 3939 251 4004 babere
272 3935 400 4002 inferni
423 3937 530 4014 canis,
553 3937 648 4003 ouius
670 3935 790 4005 deinde
812 3933 955 4021 figuram
971 3953 1034 4019 pro
1049 3931 1172 3996 mentis
1191 3941 1257 3994 ter·

127 4074 203 4117 rore
226 4050 290 4117 sibi
313 4049 586 4117 informaverint.
892 4034 894 4040 ⁵

172 4300 206 4343 v·
240 4279 301 4342 311
336 4246 474 4366 respicii
503 4275 615 4342 Schol.
650 4276 690 4340 ad
718 4274 823 4363 Soph.
848 4273 968 4361 Tracb.
999 4296 1032 4339 v.
1065 4275 1160 4339 1098.
1192 4273 1265 4340 Ed..
