2967 5209
278 506 348 586 382
713 531 951 580 consessurus

277 705 331 769 his
345 704 387 769 de
407 722 499 771 more
522 704 630 768 valere
656 703 767 780 iussis,
792 703 900 769 Musas
921 725 1036 769 canere
1055 705 1131 769 vult
1154 706 1297 769 Duarum
1313 728 1375 771 oum

276 817 367 884 Viris
396 816 594 882 mortalibus
621 817 832 892 concubitus,
864 818 917 882 vel
952 818 1104 904 nuptias,
1134 828 1291 903 natosque
1314 819 1375 882 inde
1427 826 1431 835 '

232 902 236 915 '
275 928 350 994 ons
368 928 496 995 simias
518 928 641 993 aaron.

302 1176 352 1219 a.
377 1153 443 1220 963
468 1166 501 1218 et
519 1175 583 1238 seq.
614 1166 777 1241 suspectos
801 1154 951 1225 Wolfiua
969 1153 1106 1230 habuit,
1134 1152 1283 1240 Heynius
1304 1153 1373 1217 dun·
1434 1174 1435 1235 ᾗ

274 1276 368 1331 taxat
388 1286 521 1330 versum
540 1267 616 1334 964.
646 1265 774 1332 Priores
792 1267 991 1355 lntmpretes
1009 1267 1050 1331 sd
1067 1288 1120 1330 eos
1139 1266 1305 1331 offendisse
1320 1286 1373 1328 non
1434 1262 1435 1341 ἶ

275 1389 420 1467 apparet.
450 1378 491 1443 ln
510 1376 654 1445 scholiis
670 1391 703 1445 et
721 1381 901 1468 Allegoriis
915 1379 1049 1445 silentio
1064 1379 1369 1467 praetermittunau.
1434 1384 1435 1395 ³

275 1489 491 1556 Mombn‘tius
512 1489 616 1556 vertit
640 1491 677 1555 V
671 1514 707 1555 os
728 1477 764 1571 o,
787 1491 879 1579 polus
904 1499 1004 1556 omnir
1038 1492 1126 1578 Quos
1154 1505 1238 1557 tenet
1255 1504 1284 1554 et
1303 1490 1372 1553 sedes
1434 1470 1435 1527 3

173 1634 175 1641 ·
271 1602 391 1690 gaudet
411 1624 545 1690 segetare
569 1601 695 1683 beatas,
719 1602 868 1670 Salvete!
891 1603 963 1682 tibi,
989 1604 1089 1668 Terra
1102 1627 1238 1692 parans,
1256 1601 1370 1667 utino

272 1716 404 1781 solsttsm
439 1716 483 1779 Et
512 1736 712 1804 quaecamque
741 1739 837 1803 vago<
855 1717 1047 1805 dispergeris
1076 1717 1185 1782 insula
1210 1729 1319 1804 pontu,
1342 1720 1370 1776 ut

273 1828 354 1895 haec
383 1828 424 1892 ad
455 1826 718 1915 cosmogouioam
746 1838 878 1915 partem
899 1829 1058 1895 carminis
1080 1828 1279 1896 referantur.
1304 1826 1369 1894 Vide

273 1960 373 2028 supra
398 1963 430 2005 v.
459 1941 522 2006 106
541 1962 627 2026 seqq,
656 1941 694 2005 L.
716 1939 852 2006 Barlaeo
874 1934 961 2020 νῆσοι
983 1953 1062 2007 sunt
1085 1942 1276 2007 lnsularum
1295 1959 1368 2026 praa·
1434 1928 1435 1999 l

273 2054 356 2119 sides
378 2053 436 2119 Dii
462 2053 704 2140 metonymica,
729 2043 860 2140 ,ἤπειροι
881 2065 1048 2118 terrarum
1074 2054 1228 2119 numina.
1271 2052 1367 2118 Nuus

273 2167 454 2255 explicatio
482 2163 643 2232 facilitate
669 2189 702 2232 se
735 2168 963 2246 commendat,
991 2170 1182 2235 molestiam
1203 2163 1366 2256 praesertim

273 2276 417 2345 faciente
438 2265 556 2360 ἔνδοθι,
577 2280 664 2365 quod
688 2280 754 2345 alio
777 2281 945 2367 pertinens
965 2280 1115 2361 videtur,
1137 2304 1239 2370 quam
1259 2279 1295 2343 ad
1319 2262 1367 2339 la·

275 2408 386 2477 μῦρος·
429 2392 476 2458 Vt
495 2415 606 2458 versus
622 2393 687 2458 963
705 2389 905 2472 retineatur,
931 2386 1107 2478 Ὀλύμπια
1121 2381 1248 2479 δώματ’
1259 2385 1366 2480 ἔχοντες

273 2504 314 2569 ad
346 2505 428 2569 Deos
457 2505 724 2593 restringendum
756 2507 822 2570 erit
853 2526 959 2572 mares
988 2519 1021 2572 et
1044 2507 1198 2574 maiores.
1253 2505 1361 2571 Veram
1434 2480 1435 2491 ,

275 2628 385 2681 autem
420 2619 502 2696 964,
531 2628 571 2681 ut
603 2617 659 2681 hic
688 2629 735 2682 est
768 2595 910 2704 positus,
941 2621 1059 2684 tuendi
1085 2622 1219 2686 nullam
1243 2613 1361 2702 equdem

273 2728 352 2792 satis
374 2750 417 2792 ex
437 2728 532 2792 omni
553 2739 647 2815 parte
666 2728 876 2815 probabilem
891 2731 1057 2796 rationem
1072 2733 1187 2798 video:
1211 2751 1285 2796 nam
1298 2717 1363 2787 mihi

273 2862 343 2904 non
361 2840 484 2929 magis,
508 2863 610 2927 quam
630 2841 780 2921 Wolfio,
806 2841 985 2908 satisfaciat
1000 2845 1074 2930 quis
1098 2845 1258 2911 scribens:
1277 2825 1365 2915 tlttvt

273 2946 308 3014 τ’
335 2943 460 3041 ἤπειρον
488 2970 524 3016 τε
554 2944 610 3017 aul
636 2941 781 3041 ἕλμυρον
809 2943 909 3021 ἔνδοθι
938 2947 1064 3020 πόντον.
1110 2951 1288 3041 Goetlingii
1307 2967 1364 3011 con·

274 3067 452 3132 iacturam:
477 3050 557 3131 cloes
578 3059 631 3129 ὑπ’
648 3055 773 3153 ἤπειροί
793 3084 830 3130 τε
850 3061 907 3132 sul
926 3056 1012 3153 tas.
1035 3058 1100 3135 tat.
1126 3061 1258 3147 coros,
1276 3062 1364 3129 minus

274 3200 353 3243 vero
371 3178 520 3244 similem
542 3178 681 3263 habens,
700 3178 911 3246 Hermannus
936 3182 975 3246 in
991 3182 1136 3250 Censura
1156 3186 1262 3248 locum
1279 3166 1365 3240 versui

202 3332 208 3343 ι
274 3289 376 3355 fuisse
396 3302 470 3378 post
493 3310 524 3357 v.
548 3293 623 3358 843.
645 3302 758 3378 putat,
777 3305 816 3358 ut
830 3295 875 3358 sit
896 3286 1146 3385 ὑπεστενάχιζε
1167 3282 1203 3361 δὲ
1223 3281 1299 3381 yaiat
1312 3272 1364 3357 Nl

185 3378 190 3397 ⁸
271 3388 333 3467 col
349 3397 383 3466 τ’
407 3391 532 3489 ἤπειροί
556 3421 594 3468 τε
614 3424 644 3470 κ.
667 3395 704 3470 ἁ.
726 3392 752 3470 ἒ.
776 3423 813 3472 π’,
860 3408 967 3487 Mihi,
988 3421 1028 3473 ut
1046 3407 1148 3475 fuisse
1170 3417 1289 3497 posta.
1307 3396 1362 3463 963·

274 3517 402 3606 positus
428 3529 614 3598 censeatur,
639 3541 705 3585 una
731 3521 915 3608 probabilis
940 3524 1028 3588 ratio
1048 3547 1081 3589 se
1097 3524 1207 3600 offert,
1226 3498 1252 3582 si
1271 3522 1364 3579 statua·

274 3652 367 3712 mus,
387 3629 513 3696 medios
532 3631 660 3717 aliquot
677 3631 768 3698 inter
790 3645 971 3722 utrumque
997 3635 1156 3701 excidisse
1175 3647 1292 3701 versus:
1307 3634 1363 3683 tum

271 3753 387 3807 autom
405 3753 471 3820 est,
492 3753 533 3805 ut
550 3742 757 3809 intercidisse
780 3745 850 3810 iam
867 3745 1053 3832 antiquitus
1070 3747 1254 3813 videantur.
1293 3726 1365 3800 1²³⁰st

272 3854 385 3933 emm,
416 3856 504 3940 quod
539 3856 627 3942 apud
661 3858 864 3946 Dionysium
903 3860 1026 3948 Perieg.
1060 3860 1201 3948 legimus
1228 3877 1258 3919 v.
1290 3843 1363 3910 1181.

274 3960 385 4052 Ὑμεῖς
415 3953 445 4032 d'
475 3958 596 4055 ἤπειροί
626 3986 666 4032 τε
687 3962 745 4034 καὶ
767 3961 811 4034 εἶν
836 3962 915 4053 atat,
940 3964 1097 4061 χαίρετε,
1123 3966 1226 4052 νῆσοι,
1253 3955 1363 4025 utiam

275 4081 331 4147 illi
356 4081 565 4149 obversatum
596 4083 688 4149 huno
714 4086 826 4151 locum
857 4098 970 4174 putes,
1000 4091 1132 4174 qualem
1156 4093 1275 4150 exstare
1294 4082 1363 4134 nuuc

276 4193 438 4262 videmus.
1434 4254 1435 4259 ,

256 4402 260 4411 .
319 4302 527 4396 Goettlingio
551 4332 570 4374 a
597 4332 693 4376 versu
715 4311 794 4376 inde
823 4312 888 4377 963
914 4335 1015 4399 usque
1041 4313 1081 4377 ad
1109 4314 1206 4376 finem
1229 4309 1294 4390 post
1315 4287 1362 4352 H&
1434 4300 1435 4329 ¹
