2967 5209
364 550 367 559 ,
478 511 531 557 -1r
555 507 915 558 urs1oo1rrnoeouuu.
1197 483 1269 557 166

144 671 259 767 στόμα
284 671 387 745 ἔσσαν
408 672 505 746 latras
536 681 578 750 ad
607 692 762 746 nostrum
791 699 923 746 sensum
948 679 1078 766 ingrata
1101 687 1136 742 et
1156 677 1269 765 inepta

142 805 193 859 est
217 790 388 883 repetitio,
411 792 595 860 tolerabilis
616 805 730 859 tamen
757 792 828 860 visa
852 792 954 858 etiam
978 789 1205 878 Goettliugio,
1230 800 1272 854 ut

142 906 318 973 Homerica
339 906 382 972 11.
407 907 452 973 X.
470 908 533 974 126
553 929 616 993 seq.
641 906 779 974 Gallim.
801 904 842 972 H.
862 903 900 971 in
917 904 999 970 Iiav.
1023 902 1108 971 Pall.
1125 901 1268 970 72-7a

13 1075 22 1081 .
141 1029 241 1104 atque
257 1016 294 1083 id
312 1039 414 1107 genus
433 1019 514 1085 alia:
534 1017 706 1106 viderique
723 1016 908 1084 tolerabilis
918 1015 1015 1083 dehet
1023 1013 1269 1105 reputantibus,

140 1150 208 1195 esse
230 1129 386 1217 antiquae
399 1131 627 1219 simplicitatis
648 1142 797 1220 repetere
811 1151 962 1195 sermone
979 1150 1033 1207 ea,
1052 1149 1138 1215 quae
1154 1125 1270 1197 maxi-

139 1262 197 1307 me
212 1241 321 1308 menti
337 1243 505 1330 loquentis
526 1242 756 1310 obversantur.
789 1242 896 1311 Versu
914 1230 1115 1329 hoc,'quem
1135 1237 1269 1305 uncinis
1395 1254 1405 1269 ·

138 1352 281 1420 inclusit
299 1355 510 1436 Dindorfius,
526 1367 672 1436 remoto,
696 1343 827 1423 πάντων
849 1355 887 1422 iu
905 1377 938 1422 v.
953 1357 1008 1422 66.
1025 1352 1196 1419 incertum
1209 1362 1268 1441 est,

139 1487 208 1552 quo
225 1464 439 1533 referendum
458 1467 513 1535 sit.

188 1713 220 1758 v.
239 1694 294 1760 68.
317 1680 354 1757 u‘l
376 1682 446 1757 τότ’
466 1680 547 1760 ’trau
568 1687 647 1783 πρὸς
662 1678 742 1763 ”ολ.
778 1715 862 1783 quae
889 1707 989 1775 tunc,
1020 1716 1087 1784 quo
1119 1703 1270 1781 tempore

139 1804 297 1893 primum
315 1815 413 1871 erant
432 1806 540 1873 editae
558 1806 597 1874 in
616 1808 745 1887 lucem,
769 1808 884 1874 statim
901 1830 945 1873 ex
958 1807 1116 1874 illo-loco
1128 1803 1269 1882 Pieriae,

138 1908 202 1983 ubi
221 1928 317 1984 natae
337 1930 450 2001 eraut,
472 1919 602 1986 choreis
620 1921 730 1985 ductis
750 1920 790 1985 ad
810 1942 984 1987 summum
1002 1916 1147 2006 Olympi
1166 1915 1270 1987 verti·
1407 1943 1412 1956 ·

139 2051 215 2095 cem
245 2030 416 2119 ipsamque
447 2033 536 2100 lovis
564 2032 690 2120 regiam
722 2054 756 2098 se
775 2033 1005 2099 contulerunt.
1050 2027 1186 2097 Scilicet
1213 2028 1271 2095 Dii
1403 2103 1405 2105 ,

139 2141 256 2207 statim
275 2166 294 2208 a
316 2144 496 2213 nativitate
519 2144 629 2211 adulti
642 2143 874 2213 credebantur.
909 2142 964 2211 Sic
977 2142 1173 2223 Mercurius,
1190 2152 1282 2207 testei

140 2255 318 2323 Homerico
343 2259 380 2322 in
405 2258 510 2324 illum
527 2258 665 2346 Hymuo
683 2280 716 2324 v.
746 2259 786 2323 17
803 2278 890 2346 seqq.
912 2245 990 2337 illios
1008 2245 1155 2344 γεγονὼς
1174 2247 1271 2342 μέσῳ

139 2359 246 2453 ἤματι
277 2355 487 2460 ἓγκιθοιρὶζεν·
517 2362 685 2459 Ἐπέριος
707 2360 792 2456 βοῦν
813 2354 939 2452 κλέψεν
960 2356 1124 2454 ἑκηβόλου
1145 2355 1272 2432 ’Auia
1336 2414 1344 2423 .
1458 2390 1462 2407 ·

139 2484 256 2565 λωνος,
280 2482 341 2548 ubi
364 2482 566 2551 conferenda
590 2483 694 2550 etiarn
719 2483 899 2572 sequentia.
944 2481 1102 2549 Minerva
1119 2502 1162 2546 ex
1183 2478 1272 2546 Iovis

138 2595 250 2685 capite
273 2596 387 2662 statim
416 2597 531 2664 adulta
554 2609 587 2663 et
617 2608 747 2672 armna
768 2595 899 2686 prodiit
921 2594 962 2661 Η.
988 2592 1089 2660 Hom.
1122 2592 1160 2659 in
1184 2591 1270 2659 Min.
1319 2668 1322 2675 Δ

139 2710 249 2776 altero
273 2733 305 2777 v.
326 2715 346 2775 5
365 2732 453 2799 seqq.
508 2752 511 2757 ·

185 2957 219 3002 v.
242 2938 282 3002 71
304 2920 389 3025 seqq.
408 2939 580 3004 mentione
591 2937 698 3027 patris
708 2937 881 3004 Marsorum
893 2933 991 3014 soom,
1009 2933 1148 2999 subiicit
1160 2934 1270 3021 polita:
1347 2944 1352 2983 ¹

106 3050 110 3059 ’
141 3038 159 3112 ὅ
183 3034 215 3114 δ’
236 3040 354 3139 οὐρανῷ
376 3037 594 3137 ἐμβασιλεύει
619 3071 649 3118 κ.
673 3068 706 3116 τ.
726 3052 760 3116 λ.
792 3049 844 3113 hic
862 3070 935 3113 uero
957 3044 1080 3137 (pater)
1102 3042 1188 3109 coelo
1211 3051 1273 3107 z‘rre-v

133 3175 234 3250 perat
249 3176 308 3228 cet.
329 3176 371 3229 ut
389 3165 564 3254 significet,
586 3163 695 3230 Musas
714 3164 753 3229 iu
772 3161 837 3228 hoc
853 3161 927 3250 ipso
944 3170 1043 3248 patre
1059 3156 1271 3247 praeclarum

11 3328 12 3337 ,
139 3277 256 3343 statim
278 3278 431 3345 habuisse
458 3290 695 3370 argumentum
718 3274 895 3354 carminis,
916 3273 1005 3362 quod
1025 3271 1131 3362 igitur
1153 3270 1272 3337 statim

140 3392 245 3457 etiam
265 3393 484 3482 arripuerint.
1079 3396 1081 3403 '
1125 3398 1128 3407 ’

186 3641 220 3686 v.
256 3621 309 3685 72.
350 3611 447 3692 αὐτὸς
478 3614 568 3712 ἔχων
592 3640 623 3686 κ.
649 3639 682 3685 r.
707 3622 741 3687 λ.
770 3620 841 3709 ipse
868 3616 932 3682 hoo
958 3611 1268 3705 praecipuumha-

140 3732 222 3798 bens
243 3725 345 3822 γέρας
366 3744 401 3799 et
426 3744 522 3822 patre
542 3733 709 3801 debellato
733 3751 876 3823 regnans
905 3727 1012 3820 (infra
1034 3751 1069 3795 r.
1093 3726 1158 3790 464
1181 3745 1267 3810 seqq.

140 3844 208 4021 ’14)96
236 3846 329 3934 seq).
391 3845 478 3912 Aliis
512 3858 623 3913 autem
650 3846 722 3914 Diis
749 3845 830 3911 alios
862 3843 1005 3909 honores
1038 3849 1113 3927 apte
1144 3831 1299 3973 distri-'¹

164 3971 228 4025 uit.

1474 4098 1476 4205 l

11 4254 12 4257 ,
186 4206 241 4248 vv.
266 4189 319 4252 73.
342 4188 397 4252 74.
420 4198 459 4250 ut
481 4187 653 4252 Hesiodeos
678 4210 721 4252 ex
743 4181 934 4271 Theogonis
957 4181 1038 4245 citat
1058 4175 1269 4266 Theophilus

11 4344 12 4347 ,
142 4297 182 4360 ad
205 4297 362 4385 Autolyo.
386 4294 428 4367 ΙΙ.
450 4306 480 4366 5.
531 4320 532 4323 ’

1313 4404 1322 4417 ἱ

1186 4438 1188 4445 r
1218 4456 1238 4505 .
1459 4448 1461 4455 ¹
