<?xml version="1.0" encoding="UTF-8"?>
<!DOCTYPE html PUBLIC "-//W3C//DTD XHTML 1.0 Transitional//EN"
    "http://www.w3.org/TR/xhtml1/DTD/xhtml1-transitional.dtd">
<html xmlns="http://www.w3.org/1999/xhtml" xml:lang="en" lang="en">
 <head>
  <title>
</title>
<meta http-equiv="Content-Type" content="text/html;charset=utf-8" />
  <meta name='ocr-system' content='tesseract 3.04.00' />
  <meta name='ocr-capabilities' content='ocr_page ocr_carea ocr_par ocr_line ocrx_word'/>
</head>
<body>
  <div class='ocr_page' id='page_1' title='image "./hesioditheogoni00lenngoog_0268.png"; bbox 0 0 2967 5209; ppageno 0'>
   <div class='ocr_carea' id='block_1_1' title="bbox 263 478 956 563">
    <p class='ocr_par' dir='ltr' id='par_1_1' title="bbox 263 478 956 563">
     <span class='ocr_line' id='line_1_1' title="bbox 263 478 956 563; baseline -0.001 -2"><span class='ocrx_word' id='word_1_1' title='bbox 263 488 335 561; x_wconf 74' lang='lat'>224</span> <span class='ocrx_word' id='word_1_2' title='bbox 698 478 956 563; x_wconf 75' lang='lat' dir='ltr'>eonrsnrsatvs</span> 
     </span>
    </p>
   </div>
   <div class='ocr_carea' id='block_1_2' title="bbox 260 669 1394 2910">
    <p class='ocr_par' dir='ltr' id='par_1_2' title="bbox 260 669 1394 2910">
     <span class='ocr_line' id='line_1_2' title="bbox 263 669 1379 769; baseline -0.006 -17"><span class='ocrx_word' id='word_1_3' title='bbox 263 685 375 752; x_wconf 87' lang='lat' dir='ltr'>fecisse</span> <span class='ocrx_word' id='word_1_4' title='bbox 396 697 507 753; x_wconf 85' lang='lat' dir='ltr'>autem</span> <span class='ocrx_word' id='word_1_5' title='bbox 525 686 615 751; x_wconf 89' lang='lat' dir='ltr'>idem</span> <span class='ocrx_word' id='word_1_6' title='bbox 633 685 675 750; x_wconf 90' lang='lat' dir='ltr'>iis</span> <span class='ocrx_word' id='word_1_7' title='bbox 692 687 862 751; x_wconf 90' lang='lat' dir='ltr'>tributum</span> <span class='ocrx_word' id='word_1_8' title='bbox 884 706 1009 750; x_wconf 91' lang='lat' dir='ltr'>nomen</span> <span class='ocrx_word' id='word_1_9' title='bbox 1030 669 1176 769; x_wconf 69' lang='lat' dir='ltr'>Molpea,</span> <span class='ocrx_word' id='word_1_10' title='bbox 1204 693 1245 746; x_wconf 89' lang='lat' dir='ltr'>ut</span> <span class='ocrx_word' id='word_1_11' title='bbox 1264 683 1379 746; x_wconf 89' lang='lat' dir='ltr'>easdem</span> 
     </span>
     <span class='ocr_line' id='line_1_3' title="bbox 262 796 1380 887; baseline -0.004 -23"><span class='ocrx_word' id='word_1_12' title='bbox 262 799 441 887; x_wconf 83' lang='lat' dir='ltr'>significari</span> <span class='ocrx_word' id='word_1_13' title='bbox 462 799 582 885; x_wconf 90' lang='lat' dir='ltr'>aliquis</span> <span class='ocrx_word' id='word_1_14' title='bbox 604 810 757 886; x_wconf 86' lang='lat' dir='ltr'>putaret,</span> <span class='ocrx_word' id='word_1_15' title='bbox 780 800 840 885; x_wconf 91' lang='lat' dir='ltr'>qui</span> <span class='ocrx_word' id='word_1_16' title='bbox 860 809 1034 887; x_wconf 81' lang='lat' dir='ltr'>propterea</span> <span class='ocrx_word' id='word_1_17' title='bbox 1058 818 1173 864; x_wconf 85' lang='lat' dir='ltr'>versus</span> <span class='ocrx_word' id='word_1_18' title='bbox 1194 796 1260 860; x_wconf 88' lang='grc'>218</span> <span class='ocrx_word' id='word_1_19' title='bbox 1281 806 1314 859; x_wconf 89' lang='lat' dir='ltr'>et</span> <span class='ocrx_word' id='word_1_20' title='bbox 1323 796 1380 860; x_wconf 87' lang='grc'>219</span> 
     </span>
     <span class='ocr_line' id='line_1_4' title="bbox 263 907 1380 999; baseline -0.004 -22"><span class='ocrx_word' id='word_1_21' title='bbox 263 934 280 977; x_wconf 90' lang='lat' dir='ltr'>e</span> <span class='ocrx_word' id='word_1_22' title='bbox 304 911 452 979; x_wconf 87' lang='lat' dir='ltr'>versibus</span> <span class='ocrx_word' id='word_1_23' title='bbox 472 912 537 978; x_wconf 81' lang='lat'>904</span> <span class='ocrx_word' id='word_1_24' title='bbox 557 923 591 976; x_wconf 89' lang='lat' dir='ltr'>et</span> <span class='ocrx_word' id='word_1_25' title='bbox 604 915 668 979; x_wconf 83' lang='grc'><strong>908</strong></span> <span class='ocrx_word' id='word_1_26' title='bbox 689 911 848 979; x_wconf 88' lang='lat' dir='ltr'>conflatos</span> <span class='ocrx_word' id='word_1_27' title='bbox 869 910 1046 977; x_wconf 83' lang='lat' dir='ltr'>addiderit.</span> <span class='ocrx_word' id='word_1_28' title='bbox 1092 909 1196 999; x_wconf 86' lang='lat' dir='ltr'>Apud</span> <span class='ocrx_word' id='word_1_29' title='bbox 1215 907 1380 974; x_wconf 83' lang='lat' dir='ltr'>Stobaeum</span> 
     </span>
     <span class='ocr_line' id='line_1_5' title="bbox 261 1021 1382 1115; baseline -0.003 -27"><span class='ocrx_word' id='word_1_30' title='bbox 261 1024 399 1111; x_wconf 90' lang='lat' dir='ltr'>quidem</span> <span class='ocrx_word' id='word_1_31' title='bbox 414 1024 486 1090; x_wconf 87' lang='lat' dir='ltr'>Eel.</span> <span class='ocrx_word' id='word_1_32' title='bbox 505 1025 605 1112; x_wconf 84' lang='lat' dir='ltr'><strong>Phys.</strong></span> <span class='ocrx_word' id='word_1_33' title='bbox 625 1025 650 1092; x_wconf 91' lang='grc' dir='ltr'><strong>Ι.</strong></span> <span class='ocrx_word' id='word_1_34' title='bbox 672 1025 729 1097; x_wconf 86' lang='lat' dir='ltr'>IV.</span> <span class='ocrx_word' id='word_1_35' title='bbox 748 1028 802 1095; x_wconf 86' lang='grc'>38.</span> <span class='ocrx_word' id='word_1_36' title='bbox 822 1050 858 1115; x_wconf 87' lang='lat' dir='ltr'>p.</span> <span class='ocrx_word' id='word_1_37' title='bbox 880 1027 953 1093; x_wconf 81' lang='grc'><strong>124.</strong></span> <span class='ocrx_word' id='word_1_38' title='bbox 975 1025 1036 1093; x_wconf 87' lang='lat' dir='ltr'>Ed.</span> <span class='ocrx_word' id='word_1_39' title='bbox 1047 1024 1189 1104; x_wconf 81' lang='lat' dir='ltr'>Haeren,</span> <span class='ocrx_word' id='word_1_40' title='bbox 1206 1023 1250 1088; x_wconf 91' lang='lat' dir='ltr'>iis</span> <span class='ocrx_word' id='word_1_41' title='bbox 1266 1021 1382 1086; x_wconf 87' lang='lat' dir='ltr'>omissis</span> 
     </span>
     <span class='ocr_line' id='line_1_6' title="bbox 262 1134 1380 1216; baseline -0.004 -12"><span class='ocrx_word' id='word_1_42' title='bbox 262 1135 424 1216; x_wconf 82' lang='lat' dir='ltr'>versibus,</span> <span class='ocrx_word' id='word_1_43' title='bbox 448 1148 579 1203; x_wconf 81' lang='lat' dir='ltr'>exstant</span> <span class='ocrx_word' id='word_1_44' title='bbox 601 1140 678 1204; x_wconf 87' lang='lat'><strong>217.</strong></span> <span class='ocrx_word' id='word_1_45' title='bbox 703 1139 893 1205; x_wconf 83' lang='lat'>220-222.</span> <span class='ocrx_word' id='word_1_46' title='bbox 918 1139 974 1203; x_wconf 91' lang='lat' dir='ltr'>sed</span> <span class='ocrx_word' id='word_1_47' title='bbox 999 1137 1100 1202; x_wconf 89' lang='lat' dir='ltr'>habet</span> <span class='ocrx_word' id='word_1_48' title='bbox 1116 1137 1210 1202; x_wconf 90' lang='lat' dir='ltr'>idem</span> <span class='ocrx_word' id='word_1_49' title='bbox 1229 1135 1256 1200; x_wconf 88' lang='lat' dir='ltr'>l.</span> <span class='ocrx_word' id='word_1_50' title='bbox 1279 1134 1334 1202; x_wconf 84' lang='lat' dir='ltr'>Vl.</span> <span class='ocrx_word' id='word_1_51' title='bbox 1355 1139 1380 1199; x_wconf 80' lang='lat'>5.</span> 
     </span>
     <span class='ocr_line' id='line_1_7' title="bbox 261 1244 1382 1337; baseline -0.001 -25"><span class='ocrx_word' id='word_1_52' title='bbox 261 1272 296 1337; x_wconf 90' lang='lat' dir='ltr'>p.</span> <span class='ocrx_word' id='word_1_53' title='bbox 324 1251 399 1315; x_wconf 89' lang='grc'><strong>168.</strong></span> <span class='ocrx_word' id='word_1_54' title='bbox 417 1271 530 1315; x_wconf 86' lang='lat' dir='ltr'>versus</span> <span class='ocrx_word' id='word_1_55' title='bbox 550 1251 626 1317; x_wconf 88' lang='grc'><strong>217.</strong></span> <span class='ocrx_word' id='word_1_56' title='bbox 644 1247 721 1316; x_wconf 90' lang='grc'><strong>218.</strong></span> <span class='ocrx_word' id='word_1_57' title='bbox 742 1252 819 1320; x_wconf 88' lang='grc'><strong>219.</strong></span> <span class='ocrx_word' id='word_1_58' title='bbox 852 1251 892 1316; x_wconf 92' lang='lat' dir='ltr'>In</span> <span class='ocrx_word' id='word_1_59' title='bbox 914 1250 968 1315; x_wconf 93' lang='lat' dir='ltr'>his</span> <span class='ocrx_word' id='word_1_60' title='bbox 990 1261 1101 1314; x_wconf 89' lang='lat' dir='ltr'>autem</span> <span class='ocrx_word' id='word_1_61' title='bbox 1123 1248 1277 1315; x_wconf 88' lang='lat' dir='ltr'>versibus</span> <span class='ocrx_word' id='word_1_62' title='bbox 1290 1244 1382 1312; x_wconf 86' lang='lat' dir='ltr'>offen·</span> 
     </span>
     <span class='ocr_line' id='line_1_8' title="bbox 262 1350 1382 1451; baseline -0.004 -25"><span class='ocrx_word' id='word_1_63' title='bbox 262 1361 390 1427; x_wconf 90' lang='lat' dir='ltr'>sionem</span> <span class='ocrx_word' id='word_1_64' title='bbox 417 1362 519 1427; x_wconf 91' lang='lat' dir='ltr'>etiam</span> <span class='ocrx_word' id='word_1_65' title='bbox 546 1362 610 1428; x_wconf 90' lang='lat' dir='ltr'>hoc</span> <span class='ocrx_word' id='word_1_66' title='bbox 636 1360 734 1443; x_wconf 87' lang='lat' dir='ltr'>facit,</span> <span class='ocrx_word' id='word_1_67' title='bbox 757 1365 863 1451; x_wconf 91' lang='lat' dir='ltr'>qnod,</span> <span class='ocrx_word' id='word_1_68' title='bbox 884 1385 963 1429; x_wconf 91' lang='lat' dir='ltr'>cum</span> <span class='ocrx_word' id='word_1_69' title='bbox 988 1385 1086 1428; x_wconf 83' lang='lat' dir='ltr'>versu</span> <span class='ocrx_word' id='word_1_70' title='bbox 1108 1363 1186 1428; x_wconf 90' lang='grc'><strong>117.</strong></span> <span class='ocrx_word' id='word_1_71' title='bbox 1215 1359 1315 1426; x_wconf 82' lang='lat' dir='ltr'>verba</span> <span class='ocrx_word' id='word_1_72' title='bbox 1335 1350 1382 1422; x_wconf 77' lang='lat' dir='ltr'>nal</span> 
     </span>
     <span class='ocr_line' id='line_1_9' title="bbox 261 1465 1382 1562; baseline -0.005 -23"><span class='ocrx_word' id='word_1_73' title='bbox 261 1465 386 1561; x_wconf 77' lang='grc' dir='ltr'><strong><em>Μοὶροος</em></strong></span> <span class='ocrx_word' id='word_1_74' title='bbox 412 1466 470 1538; x_wconf 74' lang='grc' dir='ltr'>κο)</span> <span class='ocrx_word' id='word_1_75' title='bbox 491 1469 594 1562; x_wconf 75' lang='grc' dir='ltr'><strong><em>Κῆροοο</em></strong></span> <span class='ocrx_word' id='word_1_76' title='bbox 615 1476 760 1542; x_wconf 87' lang='lat' dir='ltr'>diversas</span> <span class='ocrx_word' id='word_1_77' title='bbox 783 1476 964 1542; x_wconf 88' lang='lat' dir='ltr'>memorari</span> <span class='ocrx_word' id='word_1_78' title='bbox 981 1476 1063 1541; x_wconf 89' lang='lat' dir='ltr'>Deas</span> <span class='ocrx_word' id='word_1_79' title='bbox 1078 1474 1243 1551; x_wconf 73' lang='lat' dir='ltr'>indicent,</span> <span class='ocrx_word' id='word_1_80' title='bbox 1257 1472 1382 1537; x_wconf 88' lang='lat' dir='ltr'>nomina</span> 
     </span>
     <span class='ocr_line' id='line_1_10' title="bbox 263 1584 1383 1676; baseline -0.005 -24"><span class='ocrx_word' id='word_1_81' title='bbox 263 1584 402 1665; x_wconf 88' lang='lat' dir='ltr'>Clotho,</span> <span class='ocrx_word' id='word_1_82' title='bbox 441 1588 612 1666; x_wconf 80' lang='lat' dir='ltr'>Lachesis,</span> <span class='ocrx_word' id='word_1_83' title='bbox 648 1590 793 1676; x_wconf 80' lang='lat' dir='ltr'><strong>Atropos</strong></span> <span class='ocrx_word' id='word_1_84' title='bbox 830 1589 870 1653; x_wconf 89' lang='lat' dir='ltr'>ad</span> <span class='ocrx_word' id='word_1_85' title='bbox 902 1588 1060 1675; x_wconf 84' lang='lat' dir='ltr'>proxime</span> <span class='ocrx_word' id='word_1_86' title='bbox 1087 1597 1167 1652; x_wconf 89' lang='lat' dir='ltr'>ante</span> <span class='ocrx_word' id='word_1_87' title='bbox 1195 1595 1383 1649; x_wconf 83' lang='lat' dir='ltr'>memoratas</span> 
     </span>
     <span class='ocr_line' id='line_1_11' title="bbox 260 1689 1383 1786; baseline 0 -26"><span class='ocrx_word' id='word_1_88' title='bbox 260 1689 369 1784; x_wconf 63' lang='lat' dir='ltr'>Ripae</span> <span class='ocrx_word' id='word_1_89' title='bbox 390 1697 562 1765; x_wconf 85' lang='lat' dir='ltr'>referenda</span> <span class='ocrx_word' id='word_1_90' title='bbox 583 1701 777 1780; x_wconf 81' lang='lat' dir='ltr'>videantur,</span> <span class='ocrx_word' id='word_1_91' title='bbox 801 1701 897 1766; x_wconf 90' lang='lat' dir='ltr'>omni</span> <span class='ocrx_word' id='word_1_92' title='bbox 921 1712 1034 1766; x_wconf 89' lang='lat' dir='ltr'>tamen</span> <span class='ocrx_word' id='word_1_93' title='bbox 1056 1699 1263 1786; x_wconf 80' lang='lat' dir='ltr'>antiquitate</span> <span class='ocrx_word' id='word_1_94' title='bbox 1284 1719 1318 1762; x_wconf 86' lang='lat' dir='ltr'>ea</span> <span class='ocrx_word' id='word_1_95' title='bbox 1333 1718 1383 1760; x_wconf 89' lang='lat' dir='ltr'>no·</span> 
     </span>
     <span class='ocr_line' id='line_1_12' title="bbox 264 1808 1384 1892; baseline -0.001 -20"><span class='ocrx_word' id='word_1_96' title='bbox 264 1808 358 1874; x_wconf 92' lang='lat' dir='ltr'>mina</span> <span class='ocrx_word' id='word_1_97' title='bbox 381 1810 490 1875; x_wconf 90' lang='lat' dir='ltr'>Parcis</span> <span class='ocrx_word' id='word_1_98' title='bbox 515 1812 701 1892; x_wconf 86' lang='lat' dir='ltr'>tribuente,</span> <span class='ocrx_word' id='word_1_99' title='bbox 723 1813 810 1878; x_wconf 90' lang='lat' dir='ltr'>sicut</span> <span class='ocrx_word' id='word_1_100' title='bbox 831 1814 933 1879; x_wconf 90' lang='lat' dir='ltr'>etiam</span> <span class='ocrx_word' id='word_1_101' title='bbox 952 1815 991 1879; x_wconf 92' lang='lat' dir='ltr'>in</span> <span class='ocrx_word' id='word_1_102' title='bbox 1009 1811 1109 1880; x_wconf 85' lang='lat' dir='ltr'>Scuto</span> <span class='ocrx_word' id='word_1_103' title='bbox 1131 1813 1284 1878; x_wconf 82' lang='lat' dir='ltr'>diversae</span> <span class='ocrx_word' id='word_1_104' title='bbox 1305 1808 1343 1874; x_wconf 87' lang='lat' dir='ltr'>ab</span> <span class='ocrx_word' id='word_1_105' title='bbox 1358 1829 1384 1871; x_wconf 85' lang='lat' dir='ltr'>se</span> 
     </span>
     <span class='ocr_line' id='line_1_13' title="bbox 263 1919 1383 2015; baseline 0 -28"><span class='ocrx_word' id='word_1_106' title='bbox 263 1922 411 1988; x_wconf 88' lang='lat' dir='ltr'>invicem</span> <span class='ocrx_word' id='word_1_107' title='bbox 428 1936 671 2005; x_wconf 82' lang='lat' dir='ltr'>memorantur,</span> <span class='ocrx_word' id='word_1_108' title='bbox 694 1928 849 2015; x_wconf 90' lang='lat' dir='ltr'>primum</span> <span class='ocrx_word' id='word_1_109' title='bbox 869 1950 902 1993; x_wconf 86' lang='lat' dir='ltr'>v.</span> <span class='ocrx_word' id='word_1_110' title='bbox 919 1927 984 1993; x_wconf 81' lang='lat'>249</span> <span class='ocrx_word' id='word_1_111' title='bbox 1007 1919 1126 2013; x_wconf 72' lang='grc' dir='ltr'>Κῆρες,</span> <span class='ocrx_word' id='word_1_112' title='bbox 1149 1925 1271 1990; x_wconf 88' lang='lat' dir='ltr'>deinde</span> <span class='ocrx_word' id='word_1_113' title='bbox 1283 1946 1313 1988; x_wconf 82' lang='lat' dir='ltr'>v.</span> <span class='ocrx_word' id='word_1_114' title='bbox 1329 1922 1383 1987; x_wconf 87' lang='grc'>288</span> 
     </span>
     <span class='ocr_line' id='line_1_14' title="bbox 263 2034 1383 2129; baseline -0.005 -25"><span class='ocrx_word' id='word_1_115' title='bbox 263 2055 329 2122; x_wconf 74' lang='lat' dir='ltr'>aeq·</span> <span class='ocrx_word' id='word_1_116' title='bbox 362 2034 501 2116; x_wconf 88' lang='lat' dir='ltr'>Clotho,</span> <span class='ocrx_word' id='word_1_117' title='bbox 526 2038 696 2120; x_wconf 82' lang='lat' dir='ltr'>Lachesis,</span> <span class='ocrx_word' id='word_1_118' title='bbox 717 2042 872 2129; x_wconf 82' lang='lat' dir='ltr'>Atropos.</span> <span class='ocrx_word' id='word_1_119' title='bbox 919 2040 1085 2128; x_wconf 87' lang='lat' dir='ltr'>Equidem</span> <span class='ocrx_word' id='word_1_120' title='bbox 1106 2038 1218 2125; x_wconf 89' lang='lat' dir='ltr'>igitur</span> <span class='ocrx_word' id='word_1_121' title='bbox 1237 2060 1293 2105; x_wconf 73' lang='lat' dir='ltr'>vv·</span> <span class='ocrx_word' id='word_1_122' title='bbox 1319 2036 1383 2099; x_wconf 88' lang='grc'><strong>218.</strong></span> 
     </span>
     <span class='ocr_line' id='line_1_15' title="bbox 265 2148 1383 2241; baseline -0.003 -28"><span class='ocrx_word' id='word_1_123' title='bbox 265 2149 330 2215; x_wconf 91' lang='grc'>219</span> <span class='ocrx_word' id='word_1_124' title='bbox 344 2152 501 2238; x_wconf 85' lang='lat' dir='ltr'>expulsos</span> <span class='ocrx_word' id='word_1_125' title='bbox 527 2152 608 2217; x_wconf 92' lang='lat' dir='ltr'>hine</span> <span class='ocrx_word' id='word_1_126' title='bbox 621 2154 761 2233; x_wconf 89' lang='lat' dir='ltr'>malim,</span> <span class='ocrx_word' id='word_1_127' title='bbox 782 2154 903 2241; x_wconf 87' lang='lat' dir='ltr'>quibus</span> <span class='ocrx_word' id='word_1_128' title='bbox 920 2154 1051 2219; x_wconf 88' lang='lat' dir='ltr'>reiectis</span> <span class='ocrx_word' id='word_1_129' title='bbox 1071 2152 1164 2217; x_wconf 92' lang='lat' dir='ltr'>haud</span> <span class='ocrx_word' id='word_1_130' title='bbox 1184 2151 1298 2215; x_wconf 89' lang='lat' dir='ltr'>minus</span> <span class='ocrx_word' id='word_1_131' title='bbox 1313 2148 1383 2212; x_wconf 89' lang='lat' dir='ltr'>bene</span> 
     </span>
     <span class='ocr_line' id='line_1_16' title="bbox 263 2262 1383 2335; baseline -0.003 -8"><span class='ocrx_word' id='word_1_132' title='bbox 263 2262 474 2328; x_wconf 83' lang='lat' dir='ltr'>cohaerentes</span> <span class='ocrx_word' id='word_1_133' title='bbox 492 2287 605 2330; x_wconf 84' lang='lat' dir='ltr'>versus</span> <span class='ocrx_word' id='word_1_134' title='bbox 626 2269 703 2335; x_wconf 88' lang='grc'><strong>217.</strong></span> <span class='ocrx_word' id='word_1_135' title='bbox 722 2267 900 2333; x_wconf 84' lang='grc'><strong>220-222</strong></span> <span class='ocrx_word' id='word_1_136' title='bbox 917 2266 982 2331; x_wconf 90' lang='lat' dir='ltr'>hoc</span> <span class='ocrx_word' id='word_1_137' title='bbox 996 2268 1099 2330; x_wconf 85' lang='lat' dir='ltr'>etiam</span> <span class='ocrx_word' id='word_1_138' title='bbox 1116 2264 1212 2329; x_wconf 90' lang='lat' dir='ltr'>mihi</span> <span class='ocrx_word' id='word_1_139' title='bbox 1228 2282 1383 2328; x_wconf 84' lang='lat' dir='ltr'>commen·</span> 
     </span>
     <span class='ocr_line' id='line_1_17' title="bbox 264 2373 1383 2467; baseline -0.004 -28"><span class='ocrx_word' id='word_1_140' title='bbox 264 2374 339 2440; x_wconf 83' lang='lat' dir='ltr'>da&#39;ri</span> <span class='ocrx_word' id='word_1_141' title='bbox 368 2376 544 2456; x_wconf 89' lang='lat' dir='ltr'>videntur,</span> <span class='ocrx_word' id='word_1_142' title='bbox 573 2380 661 2464; x_wconf 91' lang='lat' dir='ltr'>quod</span> <span class='ocrx_word' id='word_1_143' title='bbox 691 2373 909 2467; x_wconf 64' lang='lat' dir='ltr'>circa‘Ksipoer</span> <span class='ocrx_word' id='word_1_144' title='bbox 930 2379 1151 2444; x_wconf 86' lang='lat' dir='ltr'>traditionem</span> <span class='ocrx_word' id='word_1_145' title='bbox 1178 2377 1304 2443; x_wconf 90' lang='lat' dir='ltr'>habent</span> <span class='ocrx_word' id='word_1_146' title='bbox 1325 2394 1383 2438; x_wconf 90' lang='lat' dir='ltr'>non</span> 
     </span>
     <span class='ocr_line' id='line_1_18' title="bbox 266 2482 1383 2575; baseline -0.004 -24"><span class='ocrx_word' id='word_1_147' title='bbox 266 2488 460 2575; x_wconf 83' lang='lat' dir='ltr'>vulgarem,</span> <span class='ocrx_word' id='word_1_148' title='bbox 483 2511 589 2575; x_wconf 89' lang='lat' dir='ltr'>neque</span> <span class='ocrx_word' id='word_1_149' title='bbox 608 2491 793 2571; x_wconf 90' lang='lat' dir='ltr'>eiusmodi,</span> <span class='ocrx_word' id='word_1_150' title='bbox 820 2503 862 2556; x_wconf 91' lang='lat' dir='ltr'>ut</span> <span class='ocrx_word' id='word_1_151' title='bbox 879 2514 951 2557; x_wconf 87' lang='lat' dir='ltr'>earn</span> <span class='ocrx_word' id='word_1_152' title='bbox 970 2490 1167 2556; x_wconf 85' lang='lat' dir='ltr'>recentioris</span> <span class='ocrx_word' id='word_1_153' title='bbox 1185 2488 1260 2555; x_wconf 86' lang='lat' dir='ltr'>aevi</span> <span class='ocrx_word' id='word_1_154' title='bbox 1276 2482 1383 2572; x_wconf 87' lang='lat' dir='ltr'>aliquis</span> 
     </span>
     <span class='ocr_line' id='line_1_19' title="bbox 265 2586 1382 2703; baseline 0.001 -41"><span class='ocrx_word' id='word_1_155' title='bbox 265 2597 448 2666; x_wconf 83' lang='lat' dir='ltr'>invexerit.</span> <span class='ocrx_word' id='word_1_156' title='bbox 479 2586 547 2687; x_wconf 81' lang='lat' dir='ltr'>Qui</span> <span class='ocrx_word' id='word_1_157' title='bbox 569 2603 637 2668; x_wconf 91' lang='lat' dir='ltr'>tria</span> <span class='ocrx_word' id='word_1_158' title='bbox 653 2603 832 2669; x_wconf 86' lang='lat' dir='ltr'>Parcarum</span> <span class='ocrx_word' id='word_1_159' title='bbox 854 2604 994 2703; x_wconf 75' lang='lat' dir='ltr'>nomina</span> <span class='ocrx_word' id='word_1_160' title='bbox 1010 2602 1123 2682; x_wconf 87' lang='lat' dir='ltr'>habet,</span> <span class='ocrx_word' id='word_1_161' title='bbox 1147 2601 1304 2691; x_wconf 86' lang='lat' dir='ltr'>Hyginus</span> <span class='ocrx_word' id='word_1_162' title='bbox 1319 2599 1343 2663; x_wconf 89' lang='lat' dir='ltr'>l.</span> <span class='ocrx_word' id='word_1_163' title='bbox 1356 2594 1382 2657; x_wconf 67' lang='grc' dir='ltr'>οἱ</span> 
     </span>
     <span class='ocr_line' id='line_1_20' title="bbox 266 2704 1394 2804; baseline 0.003 -29"><span class='ocrx_word' id='word_1_164' title='bbox 266 2710 335 2777; x_wconf 87' lang='lat' dir='ltr'>iam</span> <span class='ocrx_word' id='word_1_165' title='bbox 355 2734 468 2780; x_wconf 87' lang='lat' dir='ltr'>versus</span> <span class='ocrx_word' id='word_1_166' title='bbox 484 2716 548 2783; x_wconf 88' lang='grc'>218</span> <span class='ocrx_word' id='word_1_167' title='bbox 565 2727 599 2780; x_wconf 87' lang='lat' dir='ltr'>et</span> <span class='ocrx_word' id='word_1_168' title='bbox 616 2717 681 2781; x_wconf 88' lang='grc'>219</span> <span class='ocrx_word' id='word_1_169' title='bbox 698 2715 736 2780; x_wconf 92' lang='lat' dir='ltr'>in</span> <span class='ocrx_word' id='word_1_170' title='bbox 750 2739 810 2780; x_wconf 90' lang='lat' dir='ltr'>suo</span> <span class='ocrx_word' id='word_1_171' title='bbox 826 2715 961 2781; x_wconf 86' lang='lat' dir='ltr'>Hesiodi</span> <span class='ocrx_word' id='word_1_172' title='bbox 977 2717 1134 2804; x_wconf 85' lang='lat' dir='ltr'>exemplo</span> <span class='ocrx_word' id='word_1_173' title='bbox 1152 2715 1269 2804; x_wconf 82' lang='lat' dir='ltr'>legisse</span> <span class='ocrx_word' id='word_1_174' title='bbox 1288 2704 1394 2779; x_wconf 81' lang='lat' dir='ltr'>videri·</span> 
     </span>
     <span class='ocr_line' id='line_1_21' title="bbox 266 2833 384 2910; baseline 0.008 -21"><span class='ocrx_word' id='word_1_175' title='bbox 266 2833 384 2910; x_wconf 87' lang='lat' dir='ltr'>potest.</span> 
     </span>
    </p>
   </div>
   <div class='ocr_carea' id='block_1_3' title="bbox 265 3014 1382 3346">
    <p class='ocr_par' dir='ltr' id='par_1_3' title="bbox 265 3014 1382 3346">
     <span class='ocr_line' id='line_1_22' title="bbox 309 3014 1382 3143; baseline -0.005 -28"><span class='ocrx_word' id='word_1_176' title='bbox 309 3071 345 3115; x_wconf 81' lang='lat' dir='ltr'>v.</span> <span class='ocrx_word' id='word_1_177' title='bbox 375 3014 451 3115; x_wconf 87' lang='grc'><strong>217.</strong></span> <span class='ocrx_word' id='word_1_178' title='bbox 485 3042 717 3141; x_wconf 72' lang='grc' dir='ltr'>νηλεοποίνους)</span> <span class='ocrx_word' id='word_1_179' title='bbox 748 3052 875 3120; x_wconf 88' lang='lat' dir='ltr'>similes</span> <span class='ocrx_word' id='word_1_180' title='bbox 907 3055 998 3143; x_wconf 87' lang='lat' dir='ltr'>apud</span> <span class='ocrx_word' id='word_1_181' title='bbox 1027 3051 1237 3141; x_wconf 81' lang='lat' dir='ltr'>Aeschylum</span> <span class='ocrx_word' id='word_1_182' title='bbox 1268 3047 1382 3113; x_wconf 84' lang='lat' dir='ltr'>formae</span> 
     </span>
     <span class='ocr_line' id='line_1_23' title="bbox 265 3154 1381 3254; baseline -0.005 -27"><span class='ocrx_word' id='word_1_183' title='bbox 265 3174 346 3228; x_wconf 90' lang='lat' dir='ltr'>sunt</span> <span class='ocrx_word' id='word_1_184' title='bbox 379 3154 571 3246; x_wconf 73' lang='grc' dir='ltr'><strong><em>ὦκύποινος,</em></strong></span> <span class='ocrx_word' id='word_1_185' title='bbox 597 3156 829 3254; x_wconf 61' lang='lat' dir='ltr'>sareptanae.</span> <span class='ocrx_word' id='word_1_186' title='bbox 863 3166 962 3235; x_wconf 79' lang='lat' dir='ltr'>conf.</span> <span class='ocrx_word' id='word_1_187' title='bbox 983 3166 1173 3234; x_wconf 81' lang='lat' dir='ltr'>Blomfield‚</span> <span class='ocrx_word' id='word_1_188' title='bbox 1198 3166 1239 3248; x_wconf 63' lang='lat' dir='ltr'>sd</span> <span class='ocrx_word' id='word_1_189' title='bbox 1260 3161 1381 3250; x_wconf 73' lang='lat' dir='ltr'>septem</span> 
     </span>
     <span class='ocr_line' id='line_1_24' title="bbox 266 3275 612 3346; baseline 0.014 -7"><span class='ocrx_word' id='word_1_190' title='bbox 266 3286 381 3341; x_wconf 85' lang='lat' dir='ltr'>eontra</span> <span class='ocrx_word' id='word_1_191' title='bbox 402 3275 507 3345; x_wconf 89' lang='lat' dir='ltr'>Theb.</span> <span class='ocrx_word' id='word_1_192' title='bbox 526 3278 612 3346; x_wconf 76' lang='grc'><strong>740.</strong></span> 
     </span>
    </p>
   </div>
   <div class='ocr_carea' id='block_1_4' title="bbox 267 3486 1409 3699">
    <p class='ocr_par' dir='ltr' id='par_1_4' title="bbox 267 3486 1409 3699">
     <span class='ocr_line' id='line_1_25' title="bbox 311 3486 1409 3573; baseline -0.011 -4"><span class='ocrx_word' id='word_1_193' title='bbox 311 3525 345 3572; x_wconf 80' lang='lat' dir='ltr'>r.</span> <span class='ocrx_word' id='word_1_194' title='bbox 363 3503 439 3570; x_wconf 88' lang='grc'><strong>218.</strong></span> <span class='ocrx_word' id='word_1_195' title='bbox 462 3505 641 3571; x_wconf 87' lang='lat' dir='ltr'>Parcarum</span> <span class='ocrx_word' id='word_1_196' title='bbox 660 3528 704 3573; x_wconf 85' lang='lat' dir='ltr'>ex</span> <span class='ocrx_word' id='word_1_197' title='bbox 722 3507 864 3573; x_wconf 89' lang='lat' dir='ltr'>Hesiodo</span> <span class='ocrx_word' id='word_1_198' title='bbox 884 3506 1024 3573; x_wconf 89' lang='lat' dir='ltr'>nomina</span> <span class='ocrx_word' id='word_1_199' title='bbox 1042 3495 1381 3571; x_wconf 68' lang='grc' dir='ltr'><strong>1111180101.Ρὶοά11.</strong></span> <span class='ocrx_word' id='word_1_200' title='bbox 1407 3486 1409 3491; x_wconf 64' lang='grc'><strong>’</strong></span> 
     </span>
     <span class='ocr_line' id='line_1_26' title="bbox 267 3602 1380 3699; baseline -0.015 -12"><span class='ocrx_word' id='word_1_201' title='bbox 267 3617 323 3685; x_wconf 87' lang='lat' dir='ltr'>Ol.</span> <span class='ocrx_word' id='word_1_202' title='bbox 343 3618 420 3686; x_wconf 82' lang='lat' dir='ltr'>Vll.</span> <span class='ocrx_word' id='word_1_203' title='bbox 440 3622 515 3686; x_wconf 88' lang='grc'><strong>118.</strong></span> <span class='ocrx_word' id='word_1_204' title='bbox 560 3618 624 3686; x_wconf 88' lang='lat' dir='ltr'>Sed</span> <span class='ocrx_word' id='word_1_205' title='bbox 644 3618 805 3699; x_wconf 92' lang='lat' dir='ltr'>dubium,</span> <span class='ocrx_word' id='word_1_206' title='bbox 823 3631 943 3685; x_wconf 89' lang='lat' dir='ltr'>utrum</span> <span class='ocrx_word' id='word_1_207' title='bbox 963 3618 1061 3697; x_wconf 89' lang='lat' dir='ltr'>hinc,</span> <span class='ocrx_word' id='word_1_208' title='bbox 1085 3641 1128 3683; x_wconf 91' lang='lat' dir='ltr'>an</span> <span class='ocrx_word' id='word_1_209' title='bbox 1144 3640 1164 3682; x_wconf 91' lang='lat' dir='ltr'>e</span> <span class='ocrx_word' id='word_1_210' title='bbox 1180 3634 1278 3682; x_wconf 85' lang='lat' dir='ltr'>versu</span> <span class='ocrx_word' id='word_1_211' title='bbox 1299 3602 1380 3672; x_wconf 79' lang='lat' dir='ltr'>infra</span> 
     </span>
    </p>
   </div>
   <div class='ocr_carea' id='block_1_5' title="bbox 267 3733 1379 4046">
    <p class='ocr_par' dir='ltr' id='par_1_5' title="bbox 267 3733 1379 4046">
     <span class='ocr_line' id='line_1_27' title="bbox 267 3733 470 3800; baseline 0 0"><span class='ocrx_word' id='word_1_212' title='bbox 267 3736 333 3800; x_wconf 80' lang='grc'>905</span> <span class='ocrx_word' id='word_1_213' title='bbox 398 3733 470 3800; x_wconf 68' lang='lat' dir='ltr'>lita.</span> 
     </span>
     <span class='ocr_line' id='line_1_28' title="bbox 311 3755 1379 3935; baseline -0.021 -20"><span class='ocrx_word' id='word_1_214' title='bbox 311 3755 466 3914; x_wconf 51' lang='lat' dir='ltr'>Asllea‘s&#39;re</span> <span class='ocrx_word' id='word_1_215' title='bbox 489 3836 640 3935; x_wconf 74' lang='grc' dir='ltr'>βροτοῖσι</span> <span class='ocrx_word' id='word_1_216' title='bbox 665 3841 878 3932; x_wconf 76' lang='grc' dir='ltr'>Γεινομένοιοι</span> <span class='ocrx_word' id='word_1_217' title='bbox 902 3863 933 3909; x_wconf 89' lang='grc' dir='ltr'><strong>κ.</strong></span> <span class='ocrx_word' id='word_1_218' title='bbox 959 3863 991 3911; x_wconf 80' lang='grc' dir='ltr'><strong>τ.</strong></span> <span class='ocrx_word' id='word_1_219' title='bbox 1016 3845 1050 3906; x_wconf 83' lang='grc' dir='ltr'><strong>λ.</strong></span> <span class='ocrx_word' id='word_1_220' title='bbox 1075 3841 1258 3930; x_wconf 79' lang='lat' dir='ltr'>respexisse</span> <span class='ocrx_word' id='word_1_221' title='bbox 1282 3821 1379 3897; x_wconf 82' lang='lat' dir='ltr'>videri</span> 
     </span>
     <span class='ocr_line' id='line_1_29' title="bbox 268 3957 974 4046; baseline -0.004 -21"><span class='ocrx_word' id='word_1_222' title='bbox 268 3970 375 4046; x_wconf 87' lang='lat' dir='ltr'>potest</span> <span class='ocrx_word' id='word_1_223' title='bbox 395 3960 561 4026; x_wconf 80' lang='lat' dir='ltr'>Lucienus</span> <span class='ocrx_word' id='word_1_224' title='bbox 579 3960 618 4025; x_wconf 91' lang='lat' dir='ltr'>in</span> <span class='ocrx_word' id='word_1_225' title='bbox 638 3959 715 4026; x_wconf 86' lang='lat' dir='ltr'>Iove</span> <span class='ocrx_word' id='word_1_226' title='bbox 735 3957 875 4026; x_wconf 89' lang='lat' dir='ltr'>Confut.</span> <span class='ocrx_word' id='word_1_227' title='bbox 896 3980 925 4023; x_wconf 93' lang='lat' dir='ltr'>c.</span> <span class='ocrx_word' id='word_1_228' title='bbox 945 3960 974 4022; x_wconf 85' lang='lat'>1.</span> 
     </span>
    </p>
   </div>
   <div class='ocr_carea' id='block_1_6' title="bbox 268 4148 1376 4385">
    <p class='ocr_par' dir='ltr' id='par_1_6' title="bbox 268 4148 1376 4385">
     <span class='ocr_line' id='line_1_30' title="bbox 313 4148 1376 4284; baseline -0.015 -35"><span class='ocrx_word' id='word_1_229' title='bbox 313 4148 433 4251; x_wconf 47' lang='grc'><strong>11220</strong></span> <span class='ocrx_word' id='word_1_230' title='bbox 453 4195 487 4250; x_wconf 92' lang='lat' dir='ltr'>et</span> <span class='ocrx_word' id='word_1_231' title='bbox 506 4184 574 4249; x_wconf 91' lang='lat' dir='ltr'>duo</span> <span class='ocrx_word' id='word_1_232' title='bbox 595 4193 763 4269; x_wconf 88' lang='lat' dir='ltr'>sequentes</span> <span class='ocrx_word' id='word_1_233' title='bbox 783 4204 801 4245; x_wconf 99' lang='lat' dir='ltr'>a</span> <span class='ocrx_word' id='word_1_234' title='bbox 819 4179 993 4268; x_wconf 88' lang='lat' dir='ltr'>rhapsodis</span> <span class='ocrx_word' id='word_1_235' title='bbox 1012 4180 1168 4255; x_wconf 88' lang='lat' dir='ltr'>insertos,</span> <span class='ocrx_word' id='word_1_236' title='bbox 1192 4173 1324 4240; x_wconf 85' lang='lat' dir='ltr'>nullum</span> <span class='ocrx_word' id='word_1_237' title='bbox 1345 4178 1376 4284; x_wconf 51' lang='lat' dir='ltr'>ft</span> 
     </span>
     <span class='ocr_line' id='line_1_31' title="bbox 268 4286 1373 4385; baseline -0.033 -13"><span class='ocrx_word' id='word_1_238' title='bbox 268 4295 422 4371; x_wconf 82' lang='lat' dir='ltr'>dubitare</span> <span class='ocrx_word' id='word_1_239' title='bbox 445 4296 579 4385; x_wconf 88' lang='lat' dir='ltr'>scripsit</span> <span class='ocrx_word' id='word_1_240' title='bbox 606 4295 757 4383; x_wconf 80' lang='lat' dir='ltr'>Hcynius</span> <span class='ocrx_word' id='word_1_241' title='bbox 788 4293 826 4360; x_wconf 94' lang='lat' dir='ltr'>in</span> <span class='ocrx_word' id='word_1_242' title='bbox 849 4295 911 4381; x_wconf 84' lang='lat' dir='ltr'>Ep.</span> <span class='ocrx_word' id='word_1_243' title='bbox 934 4293 975 4358; x_wconf 84' lang='lat' dir='ltr'>ed</span> <span class='ocrx_word' id='word_1_244' title='bbox 999 4290 1181 4360; x_wconf 87' lang='lat' dir='ltr'>Wolfinm.</span> <span class='ocrx_word' id='word_1_245' title='bbox 1226 4286 1373 4352; x_wconf 75' lang='lat' dir='ltr'>Annam</span> 
     </span>
    </p>
   </div>
   <div class='ocr_carea' id='block_1_7' title="bbox 0 0 1494 5209">
    <p class='ocr_par' dir='ltr' id='par_1_7' title="bbox 0 0 1494 5209">
     <span class='ocr_line' id='line_1_32' title="bbox 0 0 1494 5209; baseline 0 0"><span class='ocrx_word' id='word_1_246' title='bbox 0 0 1494 5209; x_wconf 95' lang='lat' dir='ltr'> </span> 
     </span>
    </p>
   </div>
  </div>
 </body>
</html>
