2967 5209
240 451 311 526 376
676 470 914 520 eoumrrsnrvs

237 649 324 736 quod
354 648 441 736 apud
471 646 598 734 primos
627 644 831 710 Graecorum
859 642 1033 707 Thebanos
1055 664 1189 732 peregre
1211 640 1359 711 invecta,

237 761 350 848 ibique
373 782 433 849 per
458 758 615 826 Cadmeos
636 768 815 846 propagata
834 766 915 821 esset
935 756 1054 821 Bacchi
1071 756 1207 842 religio,
1231 774 1297 839 qua
1320 750 1361 813 in

236 897 273 939 re
304 873 500 962 praecipuae
535 869 634 936 fuisse
659 881 799 958 possunt
824 880 933 956 partes
962 866 1119 946 Semeles,
1156 879 1194 931 ut
1219 864 1362 928 fuerunt

237 988 376 1075 Agaues,
406 986 488 1052 item
521 983 699 1063 Cadmeae,
732 984 939 1068 aliarumque
968 981 1164 1047 mulierum.
1217 976 1361 1063 Dionysi

237 1112 381 1164 matrem
413 1122 456 1164 ex
488 1099 564 1164 love
594 1097 747 1163 Semelen
778 1096 924 1184 agnoscit
945 1095 1050 1161 etiam*
1070 1094 1233 1160 Homerus
1254 1090 1297 1155 Il.
1319 1090 1358 1153 Ξ.

238 1214 313 1279 323.
339 1214 431 1293 325.;
466 1233 564 1299 super
595 1211 665 1276 eius
687 1231 818 1296 quoque
839 1219 939 1295 partu
960 1206 1177 1273 consentiens.
1204 1200 1302 1269 Cous.
1325 1212 1360 1265 et

238 1326 278 1391 H.
303 1326 341 1392 in
361 1327 500 1411 Dionys.
526 1325 552 1389 l.
579 1326 619 1389 57
643 1326 729 1411 seq'q.

282 1575 337 1616 vv.
363 1551 549 1629 sao-941,
582 1561 622 1613 ut
645 1547 795 1625 Hesiodi,
825 1547 906 1611 citat
930 1544 1083 1612 Clemens
1107 1544 1204 1610 Alex.
1233 1541 1357 1607 Str-om.

238 1666 276 1728 Τ.
301 1663 327 1730 Ι.
351 1686 384 1752 p.
410 1666 507 1740 382„
531 1661 612 1725 hinc
636 1658 797 1726 Eusebius
820 1658 947 1744 Euang.
971 1657 1084 1745 Praep.
1109 1657 1152 1722 X.
1177 1678 1210 1743 p.
1236 1658 1312 1722 293.

282 1910 313 1952 v.
337 1886 412 1951 942.
436 1886 486 1950 νῦν
512 1873 540 1949 δ’
568 1873 754 1970 ἀμφότερον
781 1869 844 1947 θεοῖ
865 1870 960 1968 εἰσιν)
982 1882 1137 1969 Apollod.
1163 1881 1222 1946 111.
1248 1881 1305 1948 IV.
1326 1883 1358 1945 3.

238 1992 254 2063 o‘
278 1987 313 2065 tt
335 1986 520 2087 (Διόνυσοι)
543 1987 724 2085 νἰνογογὶιν
746 1982 784 2076 ἐξ
811 1981 894 2060 ἔνδον
915 1986 971 2074 την
997 1987 1126 2082 μητέρα
1145 1968 1202 2059 scit
1229 2010 1358 2080 προσνι-

236 2108 397 2202 γομῦσοές
430 2098 578 2191 Θοῶνην,
610 2098 687 2195 μετ’
720 2101 822 2187 αὐτῆς
852 2099 895 2178 εἰς
931 2097 1056 2194 οὐρανὸν
1080 2095 1222 2186 ἀνῆλθον.
1258 2104 1355 2173 conf.

237 2226 334 2292 Diod.
358 2223 421 2290 Sic.
448 2223 505 2291 lV.
531 2226 584 2289 25.
608 2222 722 2309 ibique
745 2220 886 2305 Wessel.

270 2452 334 2517 ,Ad
371 2462 404 2520 ν.
433 2450 497 2516 943
533 2447 732 2515 Scholiasta:
774 2438 986 2531 σημειωτέον,
1017 2436 1067 2512 ὅτι
1099 2434 1155 2512 δύο
1181 2435 1358 2530 συλλαβῶν

238 2553 411 2630 ἀποκοπαί
430 2553 520 2626 εἰσιν.
555 2548 764 2629 'Aletrium
783 2547 905 2644 ἐφεξῆς
928 2551 1047 2649 στίχοι
1069 2546 1167 2624 ἐννέα·
1192 2550 1270 2630 τοὺς
1291 2551 1355 2647 γὰρ

238 2662 276 2754 ἔξ
295 2660 493 2761 ἀμφοτέρων
516 2661 593 2738 θεῶν
612 2665 820 2761 γονεοιλογεῖν
844 2664 933 2758 αὐτῷ
955 2666 1133 2758 προνοεῖται.
1189 2671 1277 2739 Cum
1303 2696 1358 2736 au·

239 2799 307 2852 tem
330 2787 367 2851 in
385 2785 547 2850 hodierna
566 2785 725 2850 carminis
745 2781 856 2848 forma
875 2807 1040 2870 nusquam
1060 2798 1275 2871 compareant
1290 2785 1361 2850 illic

239 2922 360 2965 novem
392 2920 503 2964 versus
535 2896 709 2976 continui,
746 2897 886 2982 inques
915 2895 1116 2961 Scholiastae
1150 2898 1362 2985 reprehensio

239 3012 334 3078 cadat
361 3036 404 3078 ex
433 3014 528 3078 omni
549 3023 662 3099 parte,
691 3011 909 3077 Mnemellius·
932 3033 967 3098 p.
990 3012 1065 3075 502.
1086 3033 1201 3075 manca
1222 3012 1278 3075 hic
1303 3036 1362 3076 nos

240 3125 362 3190 habere
377 3126 584 3213 exemplaria
605 3114 734 3202 sletuit,
751 3124 914 3210 quodque,
933 3135 973 3187 ut
996 3122 1128 3211 prodita
1148 3123 1189 3188 ab
1209 3124 1360 3202 Hesiodo,

239 3236 363 3302 referat
373 3237 533 3304 Manilius
551 3237 595 3302 ll.
619 3239 671 3302 16.
691 3238 742 3301 17.
764 3235 821 3299 sub
838 3237 945 3321 fratre
963 3244 1021 3300 viri
1036 3259 1159 3315 nomen,
1178 3238 1362 3325 sinefratre

237 3356 395 3435 parentis,
429 3350 535 3437 Atque
568 3355 679 3412 iterum
701 3356 812 3434 patr-io
833 3361 1010 3412 noscentem
1032 3372 1163 3436 corpore
1183 3351 1360 3428 Bacchum,

240 3460 398 3529 excidisse
420 3461 501 3525 hinc
520 3459 709 3526 uberiorem
730 3461 772 3526 de
791 3462 910 3527 Bacchi
929 3462 1096 3528 natalibus
1117 3464 1361 3551 expositionem

180 3604 183 3609 ·
240 3574 388 3639 coniicit.
436 3573 525 3639 Mihi
548 3583 660 3638 antem
685 3594 755 3637 non
776 3585 930 3660 apparet,
956 3573 1122 3659 quomodo
1142 3573 1207 3638 hoc
1226 3574 1268 3638 de
1284 3574 1362 3638 Bac·

240 3686 303 3751 cho
333 3687 458 3751 iterum
483 3697 561 3750 nato
588 3685 761 3749 commode
783 3685 875 3772 sequi
893 3684 1041 3773 potuerit
1063 3696 1139 3771 post
1163 3707 1275 3750 versus
1296 3686 1362 3751 940

240 3799 360 3865 ⁹942.
395 3797 621 3884 Goettlingius
637 3798 677 3860 ad
697 3796 733 3860 h.
756 3797 780 3862 l.
797 3795 882 3860 »nisi
905 3794 1016 3875 fallor,
1040 3795 1163 3883 inquit,
1179 3795 1362 3862 Scholiasta

243 3910 393 3977 »notavit
408 3932 519 3976 versus
542 3909 728 3975 sss-944.
776 3908 866 3973 Illud
886 3907 979 3972 enim
1001 3902 1213 3994 σημειωτέον,
1236 3900 1287 3975 tn
1302 3898 1360 3976 chio

240 4011 443 4108 »συλλάβοι
467 4010 639 4087 &nonensi
659 4012 721 4085 εἶσι
746 4041 776 4083 ιι.
801 4041 832 4085 τ.
861 4024 893 4085 λ.
924 4043 1029 4106 quum
1060 4022 1165 4110 magis
1197 4023 1360 4109 pertineat

240 4137 303 4202 »ad
331 4159 462 4203 versum
494 4139 569 4203 938.
605 4146 742 4223 propter
775 4120 804 4196 δ’
828 4124 892 4219 ἄρ’,
923 4156 1022 4219 quam
1049 4133 1089 4198 ad
1111 4156 1245 4198 versum
1266 4137 1356 4209 943..

239 4248 436 4337 »legendum
472 4250 604 4314 videtur
636 4235 826 4313 ἀθετοῦντοιι
850 4233 970 4331 ἑφεξῆς
991 4238 1110 4335 στίχοι
1130 4235 1257 4323 {meis
1301 4246 1356 4312 n-
1455 4326 1456 4331 ἵ
