2967 5209
478 506 508 551 us
535 506 658 554 euroni
683 503 898 554 rnaoeouuu.
1155 501 1160 511 ·
1186 468 1255 545 271

130 679 344 745 tendentium
366 681 404 748 in
423 685 618 766 certamine,
645 706 722 751 curn
737 685 825 752 alter
842 682 989 748 alterum
1008 694 1164 766 superare
1181 687 1256 741 stn-

128 790 201 856 det:
226 791 336 879 itaque
358 806 435 882 apte
456 798 588 885 cognati
610 797 789 888 finguntur
810 789 913 872 Ζῆλος
934 805 969 859 et
990 783 1084 870 Νίκη.
1129 788 1255 864 Huius,

128 914 170 968 ut
190 904 292 984 Deae,
318 903 475 994 frequens
489 911 617 975 mentio
639 921 688 977 est
704 909 803 1000 (Vide
819 896 857 974 in
875 906 997 996 primis
1016 902 1212 970 Pausaniam
1227 896 1256 965 I.

130 1017 185 1082 22.
205 1015 248 1085 V.
269 1016 356 1106 26.);
381 1018 476 1085 illins
494 1023 605 1088 cultus
623 1046 693 1089 non
712 1024 793 1089 adeo
811 1031 1027 1086 memoratur.
1074 1004 1202 1105 Κράτος
1223 1018 1259 1079 et

129 1122 188 1194 ets
220 1129 350 1196 nobiles
384 1144 462 1197 sunt
495 1133 533 1198 in
568 1133 740 1224 Aeschyli
756 1131 954 1200 Prometheo
983 1148 1156 1219 personae:
1195 1120 1258 1192 atio

130 1242 178 1332 (v.
201 1240 292 1330 686.)
316 1262 394 1308 cum
413 1244 625 1332 sequentibus
646 1247 688 1313 sd
705 1247 768 1313 hos
783 1244 997 1335 potissimum
1019 1240 1256 1319 referendum,

126 1354 219 1420 unde
239 1353 467 1422 Callimachus
484 1357 586 1424 etiam
608 1359 651 1426 H.
673 1359 712 1426 in
731 1360 802 1427 Iov.
821 1382 854 1425 v.
874 1361 930 1425 67.
952 1345 1000 1436 ts‘
1022 1370 1061 1419 vt
1082 1346 1138 1433 ets
1157 1342 1198 1418 ‘ti
1219 1364 1260 1418 tt

127 1454 277 1556 Κάρτος,
303 1458 322 1533 6
351 1459 409 1553 tq>
439 1461 545 1543 ustae
576 1460 669 1538 douo
697 1460 826 1560 depos.
883 1470 1050 1538 Dicuntur
1076 1468 1123 1533 sie
1151 1465 1255 1531 iidem

127 1576 270 1646 Hesiodo
292 1600 423 1669 semper
450 1583 538 1671 apud
568 1584 682 1652 Iovem
701 1584 872 1663 habitare,
898 1581 1090 1669 sedentique
1110 1576 1257 1644 adsidere

125 1704 163 1758 et
181 1705 406 1781 praeeuntem¹
416 1695 519 1784 sequi,
534 1716 578 1761 ex
593 1718 660 1782 quo
674 1705 885 1784 pugnaturus
901 1694 963 1762 ille
973 1714 1052 1759 oum
1066 1689 1255 1767 Titanssuts,

125 1803 233 1873 Croni
252 1805 360 1885 sociis,
379 1806 464 1872 Deos
483 1807 521 1873 iu
539 1804 731 1897 Olympum
753 1816 1009 1886 convocaverat,
1033 1817 1073 1871 ut
1095 1828 1148 1871 eos
1166 1824 1255 1893 pro-

92 1915 235 1983 *missie
260 1919 298 1983 in
324 1941 398 1984 suas
424 1931 534 2008 partes
560 1920 772 2009 pertraheret
795 1918 840 2010 (v.
870 1923 936 1986 390
964 1914 1083 2007 seqq),
1110 1917 1149 1982 in
1165 1910 1256 2004 quod

122 2030 310 2117 concilium
339 2043 416 2098 tum
446 2032 577 2121 prima,
603 2030 727 2099 Oceani
752 2034 860 2121 patris
887 2031 1039 2110 monitu,
1063 2026 1153 2118 Styx
1176 2032 1255 2094 oum

122 2144 193 2209 suis
221 2144 340 2211 liberis
363 2145 474 2226 venit,
503 2158 544 2210 ut
571 2143 644 2212 Iovi
663 2146 803 2225 adesset,
835 2144 895 2232 qui
923 2144 1066 2233 proinde
1088 2141 1253 2218 invicem,

121 2269 201 2322 tum
232 2257 359 2347 ipsam,
388 2268 464 2325 tum
501 2258 625 2326 liberos
655 2258 786 2325 honore
813 2269 977 2348 perpetuo
1006 2256 1169 2322 mactavit
1207 2255 1253 2344 (v.

122 2373 190 2438 ³⁹⁷
210 2375 324 2459 mel·
442 2426 449 2439 ‚

158 2484 267 2551 Dicta
288 2473 394 2567 Στὺξ,
414 2486 495 2574 quia
516 2474 662 2575 στυγερὴ
676 2471 743 2557 θεὶς
763 2471 960 2552 ἀθανάτοισι
981 2479 1086 2573 (infra
1099 2504 1131 2547 u.
1148 2475 1253 2567 776).

168 2596 295 2665 Oceani
314 2599 424 2665 filiam
435 2596 548 2689 Styga,
565 2598 727 2666 Pallantis
740 2620 895 2677 uxorem,
906 2597 1087 2664 Hesiodum
1102 2593 1141 2661 in
1148 2595 1257 2661 Theo·

122 2710 224 2800 genia
242 2711 438 2799 prodidisse,
458 2722 598 2777 testatur
608 2711 783 2777 Pausanias
795 2710 887 2779 VIII.
900 2714 954 2778 16.
970 2733 1024 2799 pr.
1036 2709 1128 2774 hunc
1140 2710 1255 2773 locum

121 2825 320 2913 respiciens,
344 2827 408 2914 qni·
424 2825 546 2933 deinde
561 2826 670 2893 varias
690 2823 798 2892 refert
811 2824 853 2891 de
870 2823 975 2913 Styge
989 2825 1167 2912 poetarum
1187 2832 1256 2886 tra·

120 2941 280 3008 ditionesa

170 3187 205 3231 v.
230 3169 295 3234 686
318 3189 385 3255 seq.
404 3166 505 3255 iunge
527 3155 614 3231 ἔτεκ’
638 3106 881 3253 toambuam·
896 3156 1055 3227 'similem
1073 3159 1255 3228 verborum
1333 3258 1336 3267 Ὺ

121 3280 355 3347 traiectionem
379 3280 456 3347 vide
478 3301 578 3370 supra
601 3301 633 3345 v.
658 3280 726 3347 240
748 3301 815 3366 seq.

176 3530 211 3574 v.
234 3506 311 3573 684.
334 3497 562 3595 καλλίσφυρος
582 3497 669 3585 Νίκη
688 3454 778 3571 dicta
794 3514 935 3570 ornante
960 3499 1167 3567 feminarum
1186 3498 1257 3589 epi·

121 3620 233 3686 theto.
256 3616 356 3687 conf.
380 3616 472 3684 infra
494 3640 528 3685 v.
555 3621 630 3686 607.
657 3620 732 3687 526.
757 3620 834 3684 966.

172 3870 207 3914 v.
230 3851 293 3914 367
320 3869 363 3912 an
383 3844 518 3911 Hesiodi
536 3845 745 3925 sit,‚dubitat
762 3842 913 3931 Heynius
932 3840 985 3931 (de
1004 3838 1196 3928 Theogonis
1213 3837 1255 3903 ab
1385 3840 1389 3847 '

123 3952 268 4029 Hesiodo
288 3959 432 4037 condita,
450 3957 675 4025 Commentat.
690 3955 844 4044 Gotting.
856 3953 897 4020 T.
908 3953 952 4019 ΙΙ.
967 3976 1003 4042 p.
1018 3954 1081 4018 145
1096 3952 1133 4017 in
1147 3949 1253 4038 nota).

125 4073 200 4142 Cur
217 4072 367 4153 dubitet,
389 4090 496 4160 neque
516 4070 589 4159 ipsa
601 4069 702 4150 dicit,
726 4064 833 4158 neque
853 4091 913 4157 ego
933 4067 1048 4156 capio,
1072 4075 1113 4129 ut
1129 4080 1254 4157 neque,

124 4209 192 4274 qua
220 4184 352 4252 ratione
371 4182 497 4251 ibidem
521 4177 623 4264 Ζῆλος
643 4181 685 4247 ab
707 4206 746 4250 ec
768 4192 959 4271 exponatur
980 4179 1140 4245 Felicitas.
1195 4210 1199 4217 ·
