2967 5209
633 202 650 313 l

444 541 487 611 ,¹¹⁸
513 538 637 585 ansioni
661 539 876 589 rnroeoniiu.
990 458 1019 519 ο
1156 513 1225 585 211

101 708 225 774 referri
257 731 350 796 posse
378 673 537 775 videntui
564 713 604 776 ad
634 711 714 790 illa,
744 734 828 799 quae
852 713 892 777 de
912 710 1074 799 Typhoeo
1094 720 1128 775 at
1151 707 1230 773 love

101 833 239 887 exstant
265 820 357 886 infra
377 846 408 889 v.
429 825 496 891 820
514 846 623 911 seqq„
641 835 686 919 ³ut
702 823 924 912 Typhoeum,
954 846 1054 911 quem
1074 819 1231 909 anguinis

99 933 268 1021 capitibus
282 935 472 1001 terribilem
492 940 592 1024 poeta
609 938 765 1017 induxit,
790 937 1009 1026 anguipedum
1021 936 1124 1002 etiam
1142 934 1230 1000 Gre-

100 1046 215 1134 gorius
243 1047 439 1126 crediderit,
467 1047 548 1127 hoc,
580 1061 619 1114 ut
646 1050 730 1115 item
761 1050 827 1116 alia
858 1050 897 1115 in
926 1047 1158 1137 aequantibus,
1186 1067 1229 1110 ex

100 1158 250 1225 aliorum
265 1158 554 1247 Gigantomachiia
574 1162 758 1227 adsumens.
785 1161 864 1229 Vid.
876 1161 1035 1249 Apollod.
1054 1160 1156 1228 LVI.
1175 1180 1227 1246 pr.

101 1263 240 1353 Korrir,
250 1262 416 1359 Βριάρεως,
434 1269 542 1362 Pi'ynr
563 1275 703 1340 nomina
729 1258 867 1340 suntin
890 1274 1084 1363 Theogonia
1102 1271 1227 1349 adhuc,

100 1384 157 1448 sed
180 1384 280 1463 alibi,
305 1386 482 1452 exstantia.
529 1374 748 1475 Ἐγκέλαδον,
771 1387 838 1452 nisi
857 1410 918 1475 per
932 1408 1082 1452 errorem
1103 1405 1229 1450 memo-

99 1498 228 1563 raverit
253 1497 450 1586 Gregorius,
473 1510 589 1564 ortum
608 1499 707 1579 inde,
731 1501 820 1588 quod
842 1501 912 1566 eius
929 1522 1011 1588 prae
1026 1497 1145 1566 ceteris
1162 1497 1231 1560 cla·

101 1632 184 1675 rum
205 1622 275 1676 erat
300 1611 338 1676 in
369 1610 656 1700 Gigantomachiia
679 1634 820 1691 nomen,
844 1612 1038 1677 adsumtione
1058 1619 1168 1699 potest
1187 1629 1232 1672 ex

102 1723 288 1804 Hesiodeis,
317 1725 528 1813 Theogoniae
550 1725 725 1804 subiectis,
747 1748 830 1811 quae
847 1725 954 1813 magis
968 1726 1099 1813 integra
1121 1720 1231 1788 adhuc

100 1837 199 1904 illius
218 1861 298 1904 aevo
317 1850 522 1926 supererant.
560 1837 657 1943 Certe
678 1837 716 1905 in
743 1837 900 1926 Gregorii
920 1836 1114 1904 testimonio
1138 1832 1231 1900 nihil

101 1961 169 2030 eat,
193 1953 283 2017 unde
306 1950 442 2030 efficias,
474 1974 518 2017 ex
537 1953 602 2017 hoc
625 1953 699 2017 loco
723 1951 863 2020 nomina
883 1950 1068 2040 Gigantum
1093 1947 1231 2015 interci-

65 2088 68 2095 ·
100 2064 196 2131 disee.
243 2066 370 2134 Mentio
400 2066 538 2154 quidem
564 2064 656 2133 Cotti
683 2075 716 2129 et
737 2062 885 2129 fratrum
914 2065 985 2129 eius
1009 2063 1052 2128 ab
1074 2063 1231 2129 hocloco

100 2199 238 2264 proruas
257 2177 366 2243 aliena
389 2189 448 2243 est.
495 2178 701 2245 Enceladum
722 2189 835 2243 autem
856 2178 884 2242 ei
908 2176 1111 2244 memoravit
1129 2198 1173 2243 ex
1192 2198 1232 2241 eo

102 2288 300 2378 Gregorius,
325 2313 386 2355 our
406 2314 476 2357 non
496 2291 563 2356 alia
580 2312 712 2377 quoque
730 2290 851 2357 citavit
869 2291 948 2356 inde
968 2289 1154 2378 Gigantum
1171 2312 1232 2354 no·
1286 2372 1294 2390 ,
1374 2309 1379 2318 ·

100 2404 208 2480 mina,
223 2425 306 2489 quae
316 2414 392 2468 turn
411 2404 541 2491 pariter
552 2403 602 2468 ibi
616 2405 702 2469 lecta
720 2402 832 2483 fuisse,
854 2427 933 2472 vero
949 2404 1062 2471 simile
1076 2415 1135 2481 ert,
1151 2426 1232 2490 qua·

100 2517 229 2603 linque,
258 2514 349 2580 haud
379 2514 493 2582 minua
523 2506 660 2604 Φοβερᾶ
687 2516 813 2583 habent
842 2516 977 2583 Scholia
1007 2518 1049 2582 ad
1080 2517 1116 2583 h.
1141 2519 1167 2586 1.
1198 2530 1232 2585 et
1271 2559 1273 2565 π

34 2621 39 2630 ’
102 2630 329 2717 Apollodorus
354 2628 380 2694 Ι.
404 2628 477 2708 Vt,
501 2630 590 2694 unde
611 2651 682 2694 non
703 2651 826 2719 magno
844 2653 944 2718 opere
958 2651 1072 2696 versun
1085 2630 1150 2696 tibi
1165 2630 1231 2697 fin·

101 2765 180 2832 gere
201 2742 304 2830 possis
327 2742 539 2807 huiusmodi:
1059 2766 1061 2771 ·

202 2891 432 3002 Πορφυρξωνα,
457 2890 622 2988 Μίμαντα
644 2895 701 2969 καὶ
724 2893 859 2991 ὄβριμον
888 2866 1093 2984 'Maeotim

200 3023 317 3100 Ῥοῖτὸν
339 3028 369 3097 τ’
393 3019 594 3121 'Hyas-‘ludia
616 3048 654 3095 τε
681 3023 739 3096 καὶ
765 3023 907 3118 Εὔρυτον
930 3017 985 3110 ἠδὲ
1005 3018 1133 3094 Θοῶνα.

148 3193 213 3261 Sed
240 3193 395 3281 equidem
422 3192 477 3258 vel
500 3189 630 3255 duobus
660 3200 795 3254 tantum
826 3188 881 3253 his
905 3187 1055 3275 versibus
1072 3189 1233 3256 immissio

100 3308 220 3374 minua
237 3306 437 3372 concinnam
457 3315 543 3394 puto
561 3302 646 3370 effici
665 3302 862 3389 periodum,
883 3300 1026 3367 divulsio
1042 3302 1175 3392 lougius
1191 3303 1233 3368 ab

101 3421 303 3489 seinvicem
324 3413 476 3504 Νύμφας
496 3405 541 3499 θ’,
556 3406 598 3489 ἃς
617 3408 746 3487 Μελίας
763 3434 794 3482 κ.
814 3400 870 3478 tn.
884 3401 1060 3502 &aym
1081 3415 1120 3479 in
1134 3437 1233 3482 versu

104 3539 181 3602 187.
193 3534 236 3598 ab
245 3531 336 3596 hisce
350 3524 472 3597 seiroer’
486 3521 619 3618 Ἐριννῦς
628 3547 666 3595 τε
677 3549 725 3617 ap.
737 3540 819 3617 μεγ.
830 3543 868 3592 τε
878 3519 1043 3615 Γίγαντας
1055 3527 1094 3592 in
1108 3551 1142 3592 v.
1156 3530 1229 3594 185.

102 3646 332 3735 Quamobrem
352 3644 424 3724 hic,
447 3656 487 3709 ut
505 3644 701 3732 Erinnyum
723 3654 756 3709 et
775 3640 1017 3731 Nympharum
1031 3640 1230 3720 Melinum,

103 3764 151 3827 ita
174 3761 360 3849 Gigantum
380 3781 510 3845 quoque
537 3761 676 3825 nomina
700 3757 836 3823 silentio
852 3754 1060 3844 praeteriisse
1076 3755 1231 3842 potitam,

103 3874 196 3941 haud
219 3885 361 3951 tamem,
385 3885 426 3938 ut
447 3871 584 3958 opinor,
607 3882 728 3937 statuo.
907 3860 909 3867 ’

149 4124 185 4167 v.
212 4100 275 4166 186
297 4097 432 4192 uncinia-
455 4095 597 4164 incluait
624 4093 868 4183 Goett'lingius,
901 4104 942 4157 ut
965 4093 1233 4159 additamentum

106 4212 250 4278 alicuius
278 4210 453 4300 rhapmdi,
485 4210 546 4297 qui
574 4207 680 4291 verba,
704 4206 880 4274 Homerica
909 4207 949 4272 ll.
974 4206 1013 4272 Δ.
1038 4207 1114 4271 533.
1139 4218 1173 4272 et
1194 4207 1233 4273 Σ.

108 4330 184 4391 510.
203 4320 429 4390 coniunxerit.
464 4324 509 4389 At
526 4321 697 4390 verissime
719 4323 931 4389 dermannus
952 4322 989 4386 in
1011 4319 1235 4408 Goettlingia·

1016 4431 1088 4505 14*
