<?xml version="1.0" encoding="UTF-8"?>
<!DOCTYPE html PUBLIC "-//W3C//DTD XHTML 1.0 Transitional//EN"
    "http://www.w3.org/TR/xhtml1/DTD/xhtml1-transitional.dtd">
<html xmlns="http://www.w3.org/1999/xhtml" xml:lang="en" lang="en">
 <head>
  <title>
</title>
<meta http-equiv="Content-Type" content="text/html;charset=utf-8" />
  <meta name='ocr-system' content='tesseract 3.04.00' />
  <meta name='ocr-capabilities' content='ocr_page ocr_carea ocr_par ocr_line ocrx_word'/>
</head>
<body>
  <div class='ocr_page' id='page_1' title='image "./hesioditheogoni00lenngoog_0432.png"; bbox 0 0 2967 5209; ppageno 0'>
   <div class='ocr_carea' id='block_1_1' title="bbox 233 541 904 616">
    <p class='ocr_par' dir='ltr' id='par_1_1' title="bbox 233 541 904 616">
     <span class='ocr_line' id='line_1_1' title="bbox 233 541 904 616; baseline 0 -1"><span class='ocrx_word' id='word_1_1' title='bbox 233 541 305 615; x_wconf 82' lang='lat'><strong>388</strong></span> <span class='ocrx_word' id='word_1_2' title='bbox 667 568 904 616; x_wconf 72' lang='lat' dir='ltr'><strong>consensistis</strong></span> 
     </span>
    </p>
   </div>
   <div class='ocr_carea' id='block_1_2' title="bbox 229 739 1361 830">
    <p class='ocr_par' dir='ltr' id='par_1_2' title="bbox 229 739 1361 830">
     <span class='ocr_line' id='line_1_2' title="bbox 229 739 1361 830; baseline 0.001 -26"><span class='ocrx_word' id='word_1_3' title='bbox 229 739 368 818; x_wconf 89' lang='lat' dir='ltr'><strong>dicatur,</strong></span> <span class='ocrx_word' id='word_1_4' title='bbox 388 740 565 828; x_wconf 80' lang='lat' dir='ltr'><strong>Aethiopes</strong></span> <span class='ocrx_word' id='word_1_5' title='bbox 585 741 734 809; x_wconf 80' lang='lat' dir='ltr'>Orientis</span> <span class='ocrx_word' id='word_1_6' title='bbox 755 744 873 830; x_wconf 91' lang='lat' dir='ltr'><strong>populi</strong></span> <span class='ocrx_word' id='word_1_7' title='bbox 892 742 1115 829; x_wconf 75' lang='lat' dir='ltr'><strong>intelligendi,</strong></span> <span class='ocrx_word' id='word_1_8' title='bbox 1142 742 1188 805; x_wconf 87' lang='lat' dir='ltr'><strong>ita</strong></span> <span class='ocrx_word' id='word_1_9' title='bbox 1211 753 1250 804; x_wconf 90' lang='lat' dir='ltr'><strong>ut</strong></span> <span class='ocrx_word' id='word_1_10' title='bbox 1274 763 1361 828; x_wconf 87' lang='lat' dir='ltr'><strong>pro·</strong></span> 
     </span>
    </p>
   </div>
   <div class='ocr_carea' id='block_1_3' title="bbox 229 851 1474 947">
    <p class='ocr_par' dir='ltr' id='par_1_3' title="bbox 229 851 1474 947">
     <span class='ocr_line' id='line_1_3' title="bbox 229 851 1474 947; baseline 0 -32"><span class='ocrx_word' id='word_1_11' title='bbox 229 851 305 939; x_wconf 91' lang='lat' dir='ltr'><strong>pius</strong></span> <span class='ocrx_word' id='word_1_12' title='bbox 320 852 362 917; x_wconf 87' lang='lat' dir='ltr'><strong>ad</strong></span> <span class='ocrx_word' id='word_1_13' title='bbox 378 853 450 919; x_wconf 86' lang='lat' dir='ltr'><strong>veri</strong></span> <span class='ocrx_word' id='word_1_14' title='bbox 469 852 731 920; x_wconf 90' lang='lat' dir='ltr'><strong>similitudinem</strong></span> <span class='ocrx_word' id='word_1_15' title='bbox 754 855 962 932; x_wconf 74' lang='lat' dir='ltr'>accesserint,</span> <span class='ocrx_word' id='word_1_16' title='bbox 985 853 1045 941; x_wconf 91' lang='lat' dir='ltr'><strong>qui</strong></span> <span class='ocrx_word' id='word_1_17' title='bbox 1069 852 1188 920; x_wconf 91' lang='lat' dir='ltr'><strong>Cissios</strong></span> <span class='ocrx_word' id='word_1_18' title='bbox 1208 864 1275 917; x_wconf 83' lang='lat' dir='ltr'><strong>seu&#39;</strong></span> <span class='ocrx_word' id='word_1_19' title='bbox 1287 852 1356 919; x_wconf 90' lang='lat' dir='ltr'><strong>Su·</strong></span> <span class='ocrx_word' id='word_1_20' title='bbox 1473 882 1474 947; x_wconf 66' lang='lat' dir='ltr'>j</span> 
     </span>
    </p>
   </div>
   <div class='ocr_carea' id='block_1_4' title="bbox 222 961 1408 1730">
    <p class='ocr_par' dir='ltr' id='par_1_4' title="bbox 222 961 1408 1730">
     <span class='ocr_line' id='line_1_4' title="bbox 226 961 1352 1056; baseline 0.004 -29"><span class='ocrx_word' id='word_1_21' title='bbox 226 961 351 1043; x_wconf 86' lang='lat' dir='ltr'><strong>sianos,</strong></span> <span class='ocrx_word' id='word_1_22' title='bbox 376 966 432 1030; x_wconf 84' lang='lat' dir='ltr'><strong>vel</strong></span> <span class='ocrx_word' id='word_1_23' title='bbox 451 963 612 1053; x_wconf 82' lang='lat' dir='ltr'><strong>Assyrios,</strong></span> <span class='ocrx_word' id='word_1_24' title='bbox 634 988 735 1053; x_wconf 89' lang='lat' dir='ltr'><strong>quam</strong></span> <span class='ocrx_word' id='word_1_25' title='bbox 754 968 815 1054; x_wconf 91' lang='lat' dir='ltr'><strong>qui</strong></span> <span class='ocrx_word' id='word_1_26' title='bbox 833 966 1015 1056; x_wconf 81' lang='lat' dir='ltr'><strong>Aegyptios</strong></span> <span class='ocrx_word' id='word_1_27' title='bbox 1028 964 1240 1054; x_wconf 82' lang='lat' dir='ltr'><strong>interpretati</strong></span> <span class='ocrx_word' id='word_1_28' title='bbox 1260 979 1352 1032; x_wconf 88' lang='lat' dir='ltr'><strong>sunt.</strong></span> 
     </span>
     <span class='ocr_line' id='line_1_5' title="bbox 227 1074 1350 1167; baseline 0.004 -25"><span class='ocrx_word' id='word_1_29' title='bbox 227 1074 327 1143; x_wconf 85' lang='lat' dir='ltr'><strong>Conf.</strong></span> <span class='ocrx_word' id='word_1_30' title='bbox 350 1077 462 1166; x_wconf 77' lang='lat' dir='ltr'><strong>Heyn,</strong></span> <span class='ocrx_word' id='word_1_31' title='bbox 490 1081 532 1145; x_wconf 92' lang='lat' dir='ltr'><strong>ad</strong></span> <span class='ocrx_word' id='word_1_32' title='bbox 560 1082 717 1167; x_wconf 85' lang='lat' dir='ltr'><strong>Apollod.</strong></span> <span class='ocrx_word' id='word_1_33' title='bbox 750 1082 809 1149; x_wconf 87' lang='lat'><strong>111.</strong></span> <span class='ocrx_word' id='word_1_34' title='bbox 841 1082 917 1148; x_wconf 86' lang='lat' dir='ltr'><strong>XII.</strong></span> <span class='ocrx_word' id='word_1_35' title='bbox 949 1083 979 1147; x_wconf 94' lang='grc'><strong>4.</strong></span> <span class='ocrx_word' id='word_1_36' title='bbox 1004 1092 1038 1147; x_wconf 92' lang='lat' dir='ltr'><strong>et</strong></span> <span class='ocrx_word' id='word_1_37' title='bbox 1057 1082 1096 1145; x_wconf 91' lang='lat' dir='ltr'><strong>ad</strong></span> <span class='ocrx_word' id='word_1_38' title='bbox 1118 1082 1202 1145; x_wconf 87' lang='lat' dir='ltr'><strong>Aen.</strong></span> <span class='ocrx_word' id='word_1_39' title='bbox 1227 1080 1253 1146; x_wconf 92' lang='grc' dir='ltr'><strong>Ι.</strong></span> <span class='ocrx_word' id='word_1_40' title='bbox 1272 1083 1350 1146; x_wconf 88' lang='grc'><strong>751.</strong></span> 
     </span>
     <span class='ocr_line' id='line_1_6' title="bbox 225 1175 1408 1281; baseline 0.002 -26"><span class='ocrx_word' id='word_1_41' title='bbox 225 1182 264 1255; x_wconf 91' lang='lat' dir='ltr'><strong>in</strong></span> <span class='ocrx_word' id='word_1_42' title='bbox 287 1190 370 1256; x_wconf 84' lang='lat' dir='ltr'><strong>Exe.</strong></span> <span class='ocrx_word' id='word_1_43' title='bbox 416 1175 551 1258; x_wconf 80' lang='lat' dir='ltr'>Orienti</span> <span class='ocrx_word' id='word_1_44' title='bbox 583 1216 713 1281; x_wconf 91' lang='lat' dir='ltr'><strong>quoque</strong></span> <span class='ocrx_word' id='word_1_45' title='bbox 736 1194 957 1260; x_wconf 85' lang='lat' dir='ltr'><strong>vindicandus</strong></span> <span class='ocrx_word' id='word_1_46' title='bbox 984 1196 1069 1259; x_wconf 84' lang='lat' dir='ltr'><strong>alter</strong></span> <span class='ocrx_word' id='word_1_47' title='bbox 1091 1193 1239 1258; x_wconf 82' lang='lat' dir='ltr'>Aurorae</span> <span class='ocrx_word' id='word_1_48' title='bbox 1259 1193 1353 1258; x_wconf 88' lang='lat' dir='ltr'><strong>filius</strong></span> <span class='ocrx_word' id='word_1_49' title='bbox 1403 1254 1408 1264; x_wconf 83' lang='grc'><strong>,</strong></span> 
     </span>
     <span class='ocr_line' id='line_1_7' title="bbox 227 1301 1352 1393; baseline 0 -25"><span class='ocrx_word' id='word_1_50' title='bbox 227 1301 431 1381; x_wconf 85' lang='lat' dir='ltr'><strong>Emathion,</strong></span> <span class='ocrx_word' id='word_1_51' title='bbox 455 1305 511 1369; x_wconf 91' lang='lat' dir='ltr'><strong>cui</strong></span> <span class='ocrx_word' id='word_1_52' title='bbox 529 1328 653 1370; x_wconf 90' lang='lat' dir='ltr'><strong>nomen</strong></span> <span class='ocrx_word' id='word_1_53' title='bbox 674 1306 755 1372; x_wconf 91' lang='lat' dir='ltr'><strong>adeo</strong></span> <span class='ocrx_word' id='word_1_54' title='bbox 778 1305 819 1370; x_wconf 92' lang='lat' dir='ltr'><strong>ab</strong></span> <span class='ocrx_word' id='word_1_55' title='bbox 840 1307 902 1372; x_wconf 88' lang='lat' dir='ltr'><strong>hac</strong></span> <span class='ocrx_word' id='word_1_56' title='bbox 920 1305 1050 1393; x_wconf 86' lang='lat' dir='ltr'>origine</span> <span class='ocrx_word' id='word_1_57' title='bbox 1070 1302 1207 1370; x_wconf 86' lang='lat' dir='ltr'><strong>factum.</strong></span> <span class='ocrx_word' id='word_1_58' title='bbox 1252 1305 1352 1372; x_wconf 89' lang='lat' dir='ltr'><strong>Nam-</strong></span> 
     </span>
     <span class='ocr_line' id='line_1_8' title="bbox 222 1396 1352 1504; baseline 0.002 -26"><span class='ocrx_word' id='word_1_59' title='bbox 222 1437 288 1500; x_wconf 90' lang='lat' dir='ltr'><strong>que</strong></span> <span class='ocrx_word' id='word_1_60' title='bbox 315 1426 364 1481; x_wconf 90' lang='lat' dir='ltr'><strong>est</strong></span> <span class='ocrx_word' id='word_1_61' title='bbox 392 1416 433 1481; x_wconf 87' lang='lat' dir='ltr'><strong>ab</strong></span> <span class='ocrx_word' id='word_1_62' title='bbox 464 1396 563 1504; x_wconf 71' lang='grc' dir='ltr'><strong>ἦμαρ,</strong></span> <span class='ocrx_word' id='word_1_63' title='bbox 588 1436 682 1499; x_wconf 74' lang='lat' dir='ltr'><strong>osce,</strong></span> <span class='ocrx_word' id='word_1_64' title='bbox 706 1405 882 1502; x_wconf 74' lang='grc' dir='ltr'><strong>Ἠμαθίων,</strong></span> <span class='ocrx_word' id='word_1_65' title='bbox 914 1439 991 1482; x_wconf 90' lang='lat' dir='ltr'><strong>cum</strong></span> <span class='ocrx_word' id='word_1_66' title='bbox 1018 1419 1062 1481; x_wconf 88' lang='lat' dir='ltr'><strong>sit</strong></span> <span class='ocrx_word' id='word_1_67' title='bbox 1090 1407 1352 1503; x_wconf 65' lang='grc' dir='ltr'><strong>00001οἫμέρα</strong></span> 
     </span>
     <span class='ocr_line' id='line_1_9' title="bbox 224 1518 1352 1618; baseline 0.002 -27"><span class='ocrx_word' id='word_1_68' title='bbox 224 1538 321 1613; x_wconf 90' lang='lat' dir='ltr'><strong>atque</strong></span> <span class='ocrx_word' id='word_1_69' title='bbox 344 1518 434 1599; x_wconf 69' lang='lat' dir='ltr'><strong>’Hbs</strong></span> <span class='ocrx_word' id='word_1_70' title='bbox 480 1529 568 1594; x_wconf 85' lang='lat' dir='ltr'><strong>Eum</strong></span> <span class='ocrx_word' id='word_1_71' title='bbox 588 1528 745 1618; x_wconf 79' lang='lat' dir='ltr'><strong>Apollod.</strong></span> <span class='ocrx_word' id='word_1_72' title='bbox 769 1530 812 1596; x_wconf 90' lang='grc' dir='ltr'><strong>ΙΙ.</strong></span> <span class='ocrx_word' id='word_1_73' title='bbox 837 1531 879 1599; x_wconf 88' lang='lat' dir='ltr'><strong>V.</strong></span> <span class='ocrx_word' id='word_1_74' title='bbox 908 1532 960 1596; x_wconf 88' lang='lat'><strong>11.</strong></span> <span class='ocrx_word' id='word_1_75' title='bbox 983 1533 1001 1617; x_wconf 85' lang='lat'>§</span> <span class='ocrx_word' id='word_1_76' title='bbox 1024 1533 1076 1595; x_wconf 96' lang='grc'><strong>10.</strong></span> <span class='ocrx_word' id='word_1_77' title='bbox 1100 1533 1151 1593; x_wconf 92' lang='grc'><strong>11.</strong></span> <span class='ocrx_word' id='word_1_78' title='bbox 1167 1551 1295 1594; x_wconf 87' lang='lat' dir='ltr'><strong>caesum</strong></span> <span class='ocrx_word' id='word_1_79' title='bbox 1312 1528 1352 1593; x_wconf 92' lang='lat' dir='ltr'><strong>in</strong></span> 
     </span>
     <span class='ocr_line' id='line_1_10' title="bbox 223 1639 1351 1730; baseline -0.002 -23"><span class='ocrx_word' id='word_1_80' title='bbox 223 1639 346 1707; x_wconf 81' lang='lat' dir='ltr'><strong>Arabia</strong></span> <span class='ocrx_word' id='word_1_81' title='bbox 372 1641 477 1706; x_wconf 84' lang='lat' dir='ltr'><strong>tradit</strong></span> <span class='ocrx_word' id='word_1_82' title='bbox 502 1640 544 1705; x_wconf 92' lang='lat' dir='ltr'><strong>ab</strong></span> <span class='ocrx_word' id='word_1_83' title='bbox 562 1640 719 1720; x_wconf 82' lang='lat' dir='ltr'>Hercule,</span> <span class='ocrx_word' id='word_1_84' title='bbox 749 1643 836 1707; x_wconf 90' lang='lat' dir='ltr'><strong>illuc</strong></span> <span class='ocrx_word' id='word_1_85' title='bbox 859 1654 935 1730; x_wconf 91' lang='lat' dir='ltr'><strong>post</strong></span> <span class='ocrx_word' id='word_1_86' title='bbox 957 1643 1133 1707; x_wconf 80' lang='lat' dir='ltr'><strong>lustratam</strong></span> <span class='ocrx_word' id='word_1_87' title='bbox 1156 1641 1270 1707; x_wconf 82' lang='lat' dir='ltr'><strong>Asiam</strong></span> <span class='ocrx_word' id='word_1_88' title='bbox 1289 1663 1351 1706; x_wconf 82' lang='lat' dir='ltr'><strong>ve-</strong></span> 
     </span>
    </p>
   </div>
   <div class='ocr_carea' id='block_1_5' title="bbox 221 1752 1474 1840">
    <p class='ocr_par' dir='ltr' id='par_1_5' title="bbox 221 1752 1474 1840">
     <span class='ocr_line' id='line_1_11' title="bbox 221 1752 1474 1840; baseline 0 -22"><span class='ocrx_word' id='word_1_89' title='bbox 221 1753 351 1831; x_wconf 84' lang='lat' dir='ltr'><strong>niente,</strong></span> <span class='ocrx_word' id='word_1_90' title='bbox 375 1753 464 1839; x_wconf 91' lang='lat' dir='ltr'><strong>quod</strong></span> <span class='ocrx_word' id='word_1_91' title='bbox 492 1752 576 1818; x_wconf 89' lang='lat' dir='ltr'><strong>item</strong></span> <span class='ocrx_word' id='word_1_92' title='bbox 597 1752 807 1840; x_wconf 79' lang='lat' dir='ltr'><strong>probabilius</strong></span> <span class='ocrx_word' id='word_1_93' title='bbox 831 1754 979 1827; x_wconf 83' lang='lat' dir='ltr'><strong>aliorum</strong></span> <span class='ocrx_word' id='word_1_94' title='bbox 998 1752 1194 1831; x_wconf 88' lang='lat' dir='ltr'><strong>traditione,</strong></span> <span class='ocrx_word' id='word_1_95' title='bbox 1218 1775 1351 1818; x_wconf 90' lang='lat' dir='ltr'><strong>caesum</strong></span> <span class='ocrx_word' id='word_1_96' title='bbox 1473 1770 1474 1779; x_wconf 58' lang='lat'>¹</span> 
     </span>
    </p>
   </div>
   <div class='ocr_carea' id='block_1_6' title="bbox 135 1861 1352 2511">
    <p class='ocr_par' dir='ltr' id='par_1_6' title="bbox 135 1861 1351 2274">
     <span class='ocr_line' id='line_1_12' title="bbox 222 1861 1349 1951; baseline 0.003 -23"><span class='ocrx_word' id='word_1_97' title='bbox 222 1861 350 1929; x_wconf 87' lang='lat' dir='ltr'><strong>ferente</strong></span> <span class='ocrx_word' id='word_1_98' title='bbox 373 1863 413 1929; x_wconf 92' lang='lat' dir='ltr'><strong>in</strong></span> <span class='ocrx_word' id='word_1_99' title='bbox 438 1862 618 1951; x_wconf 83' lang='lat' dir='ltr'><strong>Aethiopia</strong></span> <span class='ocrx_word' id='word_1_100' title='bbox 645 1864 686 1931; x_wconf 91' lang='lat' dir='ltr'><strong>ad</strong></span> <span class='ocrx_word' id='word_1_101' title='bbox 709 1864 841 1931; x_wconf 76' lang='lat' dir='ltr'><strong>Nilum</strong></span> <span class='ocrx_word' id='word_1_102' title='bbox 862 1865 1111 1932; x_wconf 88' lang='lat' dir='ltr'><strong>Emathionem.</strong></span> <span class='ocrx_word' id='word_1_103' title='bbox 1142 1865 1220 1933; x_wconf 89' lang='lat' dir='ltr'><strong>Vid.</strong></span> <span class='ocrx_word' id='word_1_104' title='bbox 1250 1866 1349 1931; x_wconf 84' lang='lat' dir='ltr'><strong>Diod.</strong></span> 
     </span>
     <span class='ocr_line' id='line_1_13' title="bbox 223 1974 1351 2057; baseline -0.001 -13"><span class='ocrx_word' id='word_1_105' title='bbox 223 1974 287 2044; x_wconf 81' lang='lat' dir='ltr'><strong>sic.</strong></span> <span class='ocrx_word' id='word_1_106' title='bbox 319 1975 377 2046; x_wconf 85' lang='lat' dir='ltr'><strong>IV.</strong></span> <span class='ocrx_word' id='word_1_107' title='bbox 409 1977 464 2044; x_wconf 85' lang='grc'><strong>27.</strong></span> <span class='ocrx_word' id='word_1_108' title='bbox 487 1974 600 2057; x_wconf 82' lang='lat' dir='ltr'><strong>Schol.</strong></span> <span class='ocrx_word' id='word_1_109' title='bbox 626 1979 667 2044; x_wconf 85' lang='lat' dir='ltr'><strong>ad</strong></span> <span class='ocrx_word' id='word_1_110' title='bbox 691 1978 824 2047; x_wconf 88' lang='lat' dir='ltr'><strong>Pindar.</strong></span> <span class='ocrx_word' id='word_1_111' title='bbox 845 1978 904 2046; x_wconf 85' lang='lat'><strong>01.</strong></span> <span class='ocrx_word' id='word_1_112' title='bbox 923 1979 968 2043; x_wconf 91' lang='grc' dir='ltr'><strong>ΙΙ.</strong></span> <span class='ocrx_word' id='word_1_113' title='bbox 994 1979 1068 2047; x_wconf 84' lang='grc'><strong>148.</strong></span> <span class='ocrx_word' id='word_1_114' title='bbox 1115 1977 1213 2045; x_wconf 90' lang='lat' dir='ltr'><strong>Certe</strong></span> <span class='ocrx_word' id='word_1_115' title='bbox 1239 1991 1351 2044; x_wconf 84' lang='lat' dir='ltr'><strong>autem</strong></span> 
     </span>
     <span class='ocr_line' id='line_1_14' title="bbox 135 2088 1351 2181; baseline 0 -25"><span class='ocrx_word' id='word_1_116' title='bbox 135 2164 144 2181; x_wconf 85' lang='lat'><strong>.</strong></span> <span class='ocrx_word' id='word_1_117' title='bbox 223 2113 309 2170; x_wconf 90' lang='lat' dir='ltr'><strong>non,</strong></span> <span class='ocrx_word' id='word_1_118' title='bbox 342 2090 432 2178; x_wconf 91' lang='lat' dir='ltr'><strong>quod</strong></span> <span class='ocrx_word' id='word_1_119' title='bbox 459 2091 537 2158; x_wconf 83' lang='lat' dir='ltr'><strong>vult</strong></span> <span class='ocrx_word' id='word_1_120' title='bbox 556 2088 669 2158; x_wconf 88' lang='lat' dir='ltr'><strong>Schol.</strong></span> <span class='ocrx_word' id='word_1_121' title='bbox 691 2092 732 2156; x_wconf 90' lang='lat' dir='ltr'><strong>ad</strong></span> <span class='ocrx_word' id='word_1_122' title='bbox 754 2091 790 2157; x_wconf 90' lang='lat' dir='ltr'><strong>h.</strong></span> <span class='ocrx_word' id='word_1_123' title='bbox 817 2094 863 2170; x_wconf 90' lang='grc'><strong>1.,</strong></span> <span class='ocrx_word' id='word_1_124' title='bbox 889 2092 930 2157; x_wconf 92' lang='lat' dir='ltr'><strong>ab</strong></span> <span class='ocrx_word' id='word_1_125' title='bbox 951 2092 1015 2156; x_wconf 90' lang='lat' dir='ltr'><strong>hoc</strong></span> <span class='ocrx_word' id='word_1_126' title='bbox 1036 2091 1240 2156; x_wconf 84' lang='lat' dir='ltr'><strong>Emathiona</strong></span> <span class='ocrx_word' id='word_1_127' title='bbox 1263 2092 1351 2157; x_wconf 89' lang='lat' dir='ltr'><strong>dicta</strong></span> 
     </span>
     <span class='ocr_line' id='line_1_15' title="bbox 223 2204 393 2274; baseline -0.012 0"><span class='ocrx_word' id='word_1_128' title='bbox 223 2204 393 2274; x_wconf 87' lang='lat' dir='ltr'><strong>Emathia.</strong></span> 
     </span>
    </p>

    <p class='ocr_par' dir='ltr' id='par_1_7' title="bbox 224 2306 1352 2511">
     <span class='ocr_line' id='line_1_16' title="bbox 267 2306 1352 2407; baseline -0.003 -22"><span class='ocrx_word' id='word_1_129' title='bbox 267 2318 395 2385; x_wconf 88' lang='lat' dir='ltr'><strong>Locum</strong></span> <span class='ocrx_word' id='word_1_130' title='bbox 416 2317 508 2383; x_wconf 88' lang='lat' dir='ltr'><strong>hunc</strong></span> <span class='ocrx_word' id='word_1_131' title='bbox 532 2317 719 2406; x_wconf 86' lang='lat' dir='ltr'><strong>respiciens,</strong></span> <span class='ocrx_word' id='word_1_132' title='bbox 742 2318 861 2407; x_wconf 82' lang='lat' dir='ltr'><strong>Etym.</strong></span> <span class='ocrx_word' id='word_1_133' title='bbox 884 2318 931 2387; x_wconf 89' lang='grc' dir='ltr'><strong>Μ.</strong></span> <span class='ocrx_word' id='word_1_134' title='bbox 956 2342 990 2406; x_wconf 89' lang='lat' dir='ltr'><strong>p.</strong></span> <span class='ocrx_word' id='word_1_135' title='bbox 1008 2319 1083 2384; x_wconf 81' lang='lat'><strong>425.</strong></span> <span class='ocrx_word' id='word_1_136' title='bbox 1109 2321 1163 2384; x_wconf 86' lang='lat'><strong>50.</strong></span> <span class='ocrx_word' id='word_1_137' title='bbox 1189 2306 1352 2403; x_wconf 68' lang='lat' dir='ltr'><strong>&#39;Hpaltos</strong></span> 
     </span>
     <span class='ocr_line' id='line_1_17' title="bbox 224 2415 693 2511; baseline 0.004 -16"><span class='ocrx_word' id='word_1_138' title='bbox 224 2422 290 2503; x_wconf 72' lang='grc'><strong>000</strong></span> <span class='ocrx_word' id='word_1_139' title='bbox 314 2423 412 2502; x_wconf 71' lang='grc' dir='ltr'><strong>Ἠοῦς</strong></span> <span class='ocrx_word' id='word_1_140' title='bbox 436 2418 509 2511; x_wconf 64' lang='lat' dir='ltr'><strong>aad</strong></span> <span class='ocrx_word' id='word_1_141' title='bbox 533 2415 693 2497; x_wconf 74' lang='grc' dir='ltr'><strong>Ἡσίοδον.</strong></span> 
     </span>
    </p>
   </div>
   <div class='ocr_carea' id='block_1_7' title="bbox 225 2658 1353 2861">
    <p class='ocr_par' dir='ltr' id='par_1_8' title="bbox 225 2658 1353 2861">
     <span class='ocr_line' id='line_1_18' title="bbox 270 2658 1352 2747; baseline -0.002 -21"><span class='ocrx_word' id='word_1_142' title='bbox 270 2660 535 2728; x_wconf 62' lang='lat' dir='ltr'><strong>wore-991.</strong></span> <span class='ocrx_word' id='word_1_143' title='bbox 569 2659 624 2726; x_wconf 84' lang='lat' dir='ltr'><strong>Ex</strong></span> <span class='ocrx_word' id='word_1_144' title='bbox 643 2661 773 2726; x_wconf 88' lang='lat' dir='ltr'><strong>Aurora</strong></span> <span class='ocrx_word' id='word_1_145' title='bbox 797 2670 831 2724; x_wconf 91' lang='lat' dir='ltr'><strong>et</strong></span> <span class='ocrx_word' id='word_1_146' title='bbox 852 2658 1002 2747; x_wconf 86' lang='lat' dir='ltr'><strong>Cephalo</strong></span> <span class='ocrx_word' id='word_1_147' title='bbox 1027 2659 1222 2738; x_wconf 73' lang='lat' dir='ltr'><strong>Phaethon,</strong></span> <span class='ocrx_word' id='word_1_148' title='bbox 1251 2681 1352 2745; x_wconf 91' lang='lat' dir='ltr'><strong>quem</strong></span> 
     </span>
     <span class='ocr_line' id='line_1_19' title="bbox 225 2770 1353 2861; baseline -0.002 -23"><span class='ocrx_word' id='word_1_149' title='bbox 225 2771 339 2838; x_wconf 84' lang='lat' dir='ltr'><strong>virum</strong></span> <span class='ocrx_word' id='word_1_150' title='bbox 364 2772 522 2838; x_wconf 74' lang='lat' dir='ltr'><strong>harenam</strong></span> <span class='ocrx_word' id='word_1_151' title='bbox 540 2770 654 2841; x_wconf 85' lang='lat' dir='ltr'><strong>Venus</strong></span> <span class='ocrx_word' id='word_1_152' title='bbox 673 2770 806 2861; x_wconf 87' lang='lat' dir='ltr'><strong>rapuit,</strong></span> <span class='ocrx_word' id='word_1_153' title='bbox 834 2770 937 2858; x_wconf 89' lang='lat' dir='ltr'><strong>inque</strong></span> <span class='ocrx_word' id='word_1_154' title='bbox 959 2772 1167 2860; x_wconf 86' lang='lat' dir='ltr'><strong>templorum</strong></span> <span class='ocrx_word' id='word_1_155' title='bbox 1183 2771 1284 2858; x_wconf 80' lang='lat' dir='ltr'><strong>adyta</strong></span> <span class='ocrx_word' id='word_1_156' title='bbox 1297 2794 1353 2836; x_wconf 91' lang='lat' dir='ltr'><strong>re·</strong></span> 
     </span>
    </p>
   </div>
   <div class='ocr_carea' id='block_1_8' title="bbox 196 2871 1354 2974">
    <p class='ocr_par' dir='ltr' id='par_1_9' title="bbox 196 2871 1354 2974">
     <span class='ocr_line' id='line_1_20' title="bbox 196 2871 1354 2974; baseline -0.003 -23"><span class='ocrx_word' id='word_1_157' title='bbox 196 2919 199 2929; x_wconf 89' lang='lat'><strong>·</strong></span> <span class='ocrx_word' id='word_1_158' title='bbox 225 2895 362 2974; x_wconf 90' lang='lat' dir='ltr'><strong>ceptum</strong></span> <span class='ocrx_word' id='word_1_159' title='bbox 385 2871 526 2969; x_wconf 68' lang='lat' dir='ltr'><strong>deipara</strong></span> <span class='ocrx_word' id='word_1_160' title='bbox 545 2871 634 2967; x_wconf 73' lang='lat' dir='ltr'><strong>tto,</strong></span> <span class='ocrx_word' id='word_1_161' title='bbox 657 2885 767 2951; x_wconf 89' lang='lat' dir='ltr'><strong>Deum</strong></span> <span class='ocrx_word' id='word_1_162' title='bbox 793 2880 966 2949; x_wconf 88' lang='lat' dir='ltr'><strong>inferioris</strong></span> <span class='ocrx_word' id='word_1_163' title='bbox 986 2882 1126 2961; x_wconf 85' lang='lat' dir='ltr'><strong>ordinis,</strong></span> <span class='ocrx_word' id='word_1_164' title='bbox 1153 2880 1244 2949; x_wconf 84' lang='lat' dir='ltr'><strong>fecit.</strong></span> <span class='ocrx_word' id='word_1_165' title='bbox 1291 2882 1354 2950; x_wconf 87' lang='lat' dir='ltr'><strong>Ce-</strong></span> 
     </span>
    </p>
   </div>
   <div class='ocr_carea' id='block_1_9' title="bbox 112 2980 1353 3087">
    <p class='ocr_par' dir='ltr' id='par_1_10' title="bbox 112 2980 1353 3087">
     <span class='ocr_line' id='line_1_21' title="bbox 112 2980 1353 3087; baseline -0.002 -25"><span class='ocrx_word' id='word_1_166' title='bbox 112 3000 125 3019; x_wconf 78' lang='grc'><strong>“</strong></span> <span class='ocrx_word' id='word_1_167' title='bbox 225 2997 324 3087; x_wconf 90' lang='lat' dir='ltr'><strong>phali</strong></span> <span class='ocrx_word' id='word_1_168' title='bbox 355 3019 424 3062; x_wconf 90' lang='lat' dir='ltr'><strong>non</strong></span> <span class='ocrx_word' id='word_1_169' title='bbox 449 2997 610 3062; x_wconf 87' lang='lat' dir='ltr'><strong>meminit</strong></span> <span class='ocrx_word' id='word_1_170' title='bbox 631 2996 812 3073; x_wconf 89' lang='lat' dir='ltr'><strong>Homerus,</strong></span> <span class='ocrx_word' id='word_1_171' title='bbox 835 2992 988 3082; x_wconf 86' lang='lat' dir='ltr'><strong>quamvis</strong></span> <span class='ocrx_word' id='word_1_172' title='bbox 1009 2980 1146 3059; x_wconf 83' lang='lat' dir='ltr'><strong>Prdcrin</strong></span> <span class='ocrx_word' id='word_1_173' title='bbox 1164 3017 1353 3061; x_wconf 88' lang='lat' dir='ltr'><strong>memorans</strong></span> 
     </span>
    </p>
   </div>
   <div class='ocr_carea' id='block_1_10' title="bbox 227 3106 1353 3308">
    <p class='ocr_par' dir='ltr' id='par_1_11' title="bbox 227 3106 1353 3308">
     <span class='ocr_line' id='line_1_22' title="bbox 227 3106 1353 3195; baseline -0.004 -19"><span class='ocrx_word' id='word_1_174' title='bbox 227 3109 292 3176; x_wconf 86' lang='lat' dir='ltr'><strong>od.</strong></span> <span class='ocrx_word' id='word_1_175' title='bbox 314 3108 357 3176; x_wconf 86' lang='grc' dir='ltr'><strong>Λ.</strong></span> <span class='ocrx_word' id='word_1_176' title='bbox 381 3111 457 3175; x_wconf 88' lang='grc'><strong>320.</strong></span> <span class='ocrx_word' id='word_1_177' title='bbox 503 3106 565 3174; x_wconf 89' lang='lat' dir='ltr'><strong>Sed</strong></span> <span class='ocrx_word' id='word_1_178' title='bbox 588 3108 780 3173; x_wconf 90' lang='lat' dir='ltr'><strong>adamatum</strong></span> <span class='ocrx_word' id='word_1_179' title='bbox 801 3128 839 3170; x_wconf 84' lang='lat' dir='ltr'><strong>ao</strong></span> <span class='ocrx_word' id='word_1_180' title='bbox 857 3115 997 3191; x_wconf 91' lang='lat' dir='ltr'><strong>raptum</strong></span> <span class='ocrx_word' id='word_1_181' title='bbox 1018 3107 1059 3171; x_wconf 93' lang='lat' dir='ltr'><strong>ab</strong></span> <span class='ocrx_word' id='word_1_182' title='bbox 1075 3109 1206 3172; x_wconf 91' lang='lat' dir='ltr'><strong>Aurora</strong></span> <span class='ocrx_word' id='word_1_183' title='bbox 1226 3106 1353 3195; x_wconf 89' lang='lat' dir='ltr'><strong>Cepha·</strong></span> 
     </span>
     <span class='ocr_line' id='line_1_23' title="bbox 227 3216 1351 3308; baseline -0.004 -20"><span class='ocrx_word' id='word_1_184' title='bbox 227 3225 304 3289; x_wconf 89' lang='lat' dir='ltr'><strong>lum</strong></span> <span class='ocrx_word' id='word_1_185' title='bbox 326 3221 495 3288; x_wconf 87' lang='lat' dir='ltr'><strong>celebrant</strong></span> <span class='ocrx_word' id='word_1_186' title='bbox 515 3220 618 3285; x_wconf 91' lang='lat' dir='ltr'><strong>etiam</strong></span> <span class='ocrx_word' id='word_1_187' title='bbox 638 3219 796 3308; x_wconf 84' lang='lat' dir='ltr'><strong>Apollcd.</strong></span> <span class='ocrx_word' id='word_1_188' title='bbox 814 3216 842 3284; x_wconf 87' lang='lat' dir='ltr'><strong>l.</strong></span> <span class='ocrx_word' id='word_1_189' title='bbox 867 3217 926 3282; x_wconf 85' lang='lat' dir='ltr'><strong>IX.</strong></span> <span class='ocrx_word' id='word_1_190' title='bbox 951 3220 981 3283; x_wconf 92' lang='grc'><strong>4.</strong></span> <span class='ocrx_word' id='word_1_191' title='bbox 1005 3217 1108 3284; x_wconf 87' lang='lat' dir='ltr'><strong>Ovid.</strong></span> <span class='ocrx_word' id='word_1_192' title='bbox 1127 3219 1204 3287; x_wconf 87' lang='lat' dir='ltr'><strong>Vll.</strong></span> <span class='ocrx_word' id='word_1_193' title='bbox 1225 3218 1271 3286; x_wconf 87' lang='grc' dir='ltr'><strong>Μ.</strong></span> <span class='ocrx_word' id='word_1_194' title='bbox 1289 3224 1351 3286; x_wconf 88' lang='grc'><strong>701</strong></span> 
     </span>
    </p>
   </div>
   <div class='ocr_carea' id='block_1_11' title="bbox 229 3329 1353 3534">
    <p class='ocr_par' dir='ltr' id='par_1_12' title="bbox 229 3329 1353 3534">
     <span class='ocr_line' id='line_1_24' title="bbox 229 3329 1353 3421; baseline 0.001 -23"><span class='ocrx_word' id='word_1_195' title='bbox 229 3356 315 3421; x_wconf 84' lang='lat' dir='ltr'><strong>seqq.</strong></span> <span class='ocrx_word' id='word_1_196' title='bbox 344 3333 421 3399; x_wconf 88' lang='lat' dir='ltr'><strong>Her.</strong></span> <span class='ocrx_word' id='word_1_197' title='bbox 454 3333 540 3421; x_wconf 87' lang='lat' dir='ltr'><strong>Epp.</strong></span> <span class='ocrx_word' id='word_1_198' title='bbox 568 3331 626 3401; x_wconf 84' lang='lat' dir='ltr'><strong>IV.</strong></span> <span class='ocrx_word' id='word_1_199' title='bbox 646 3333 689 3399; x_wconf 83' lang='lat'><strong>93</strong></span> <span class='ocrx_word' id='word_1_200' title='bbox 713 3353 800 3418; x_wconf 85' lang='lat' dir='ltr'><strong>seqq.</strong></span> <span class='ocrx_word' id='word_1_201' title='bbox 825 3329 899 3397; x_wconf 86' lang='lat' dir='ltr'><strong>XV.</strong></span> <span class='ocrx_word' id='word_1_202' title='bbox 922 3331 964 3395; x_wconf 78' lang='lat'><strong>87</strong></span> <span class='ocrx_word' id='word_1_203' title='bbox 991 3353 1056 3417; x_wconf 90' lang='lat' dir='ltr'><strong>seq.</strong></span> <span class='ocrx_word' id='word_1_204' title='bbox 1079 3330 1205 3418; x_wconf 87' lang='lat' dir='ltr'><strong>Hygin.</strong></span> <span class='ocrx_word' id='word_1_205' title='bbox 1227 3330 1254 3397; x_wconf 86' lang='lat' dir='ltr'><strong>f.</strong></span> <span class='ocrx_word' id='word_1_206' title='bbox 1279 3336 1353 3399; x_wconf 85' lang='grc'><strong>189.</strong></span> 
     </span>
     <span class='ocr_line' id='line_1_25' title="bbox 230 3442 1352 3534; baseline -0.004 -19"><span class='ocrx_word' id='word_1_207' title='bbox 230 3449 355 3517; x_wconf 84' lang='lat' dir='ltr'><strong>Anton.</strong></span> <span class='ocrx_word' id='word_1_208' title='bbox 384 3446 459 3511; x_wconf 89' lang='lat' dir='ltr'><strong>Lib.</strong></span> <span class='ocrx_word' id='word_1_209' title='bbox 483 3445 511 3511; x_wconf 92' lang='grc' dir='ltr'><strong>Ι.</strong></span> <span class='ocrx_word' id='word_1_210' title='bbox 539 3445 592 3512; x_wconf 89' lang='grc'><strong>41.</strong></span> <span class='ocrx_word' id='word_1_211' title='bbox 618 3444 711 3534; x_wconf 90' lang='lat' dir='ltr'><strong>(ubi,</strong></span> <span class='ocrx_word' id='word_1_212' title='bbox 743 3442 1025 3530; x_wconf 86' lang='lat' dir='ltr'><strong>quemadmodum</strong></span> <span class='ocrx_word' id='word_1_213' title='bbox 1047 3445 1135 3530; x_wconf 88' lang='lat' dir='ltr'><strong>apud</strong></span> <span class='ocrx_word' id='word_1_214' title='bbox 1163 3444 1299 3510; x_wconf 90' lang='lat' dir='ltr'><strong>Pausan.</strong></span> <span class='ocrx_word' id='word_1_215' title='bbox 1325 3445 1352 3512; x_wconf 96' lang='grc' dir='ltr'><strong>Ι.</strong></span> 
     </span>
    </p>
   </div>
   <div class='ocr_carea' id='block_1_12' title="bbox 232 3543 1356 3984">
    <p class='ocr_par' dir='ltr' id='par_1_13' title="bbox 232 3543 1356 3984">
     <span class='ocr_line' id='line_1_26' title="bbox 232 3543 1355 3646; baseline -0.004 -18"><span class='ocrx_word' id='word_1_216' title='bbox 232 3559 293 3628; x_wconf 84' lang='lat' dir='ltr'><strong>III.</strong></span> <span class='ocrx_word' id='word_1_217' title='bbox 318 3563 361 3638; x_wconf 92' lang='grc'><strong>1.,</strong></span> <span class='ocrx_word' id='word_1_218' title='bbox 378 3559 504 3623; x_wconf 90' lang='lat' dir='ltr'><strong>dicitur</strong></span> <span class='ocrx_word' id='word_1_219' title='bbox 526 3549 670 3644; x_wconf 72' lang='grc' dir='ltr'><strong>Ἡμέρα,</strong></span> <span class='ocrx_word' id='word_1_220' title='bbox 691 3556 844 3643; x_wconf 85' lang='lat' dir='ltr'><strong>quaehlo</strong></span> <span class='ocrx_word' id='word_1_221' title='bbox 866 3543 962 3642; x_wconf 68' lang='grc' dir='ltr'><strong>Ἠώς)</strong></span> <span class='ocrx_word' id='word_1_222' title='bbox 986 3544 1185 3642; x_wconf 78' lang='lat' dir='ltr'><strong>facilemque</strong></span> <span class='ocrx_word' id='word_1_223' title='bbox 1207 3558 1355 3646; x_wconf 80' lang='lat' dir='ltr'><strong>hicmy-</strong></span> 
     </span>
     <span class='ocr_line' id='line_1_27' title="bbox 232 3668 1355 3758; baseline -0.002 -20"><span class='ocrx_word' id='word_1_224' title='bbox 232 3673 313 3738; x_wconf 90' lang='lat' dir='ltr'><strong>thus</strong></span> <span class='ocrx_word' id='word_1_225' title='bbox 335 3669 596 3758; x_wconf 85' lang='lat' dir='ltr'><strong>explicationem</strong></span> <span class='ocrx_word' id='word_1_226' title='bbox 617 3669 734 3748; x_wconf 81' lang='lat' dir='ltr'><strong>habet,</strong></span> <span class='ocrx_word' id='word_1_227' title='bbox 758 3689 838 3734; x_wconf 91' lang='lat' dir='ltr'><strong>cum</strong></span> <span class='ocrx_word' id='word_1_228' title='bbox 859 3668 983 3755; x_wconf 86' lang='lat' dir='ltr'><strong>passim</strong></span> <span class='ocrx_word' id='word_1_229' title='bbox 1006 3691 1024 3733; x_wconf 89' lang='lat' dir='ltr'><strong>a</strong></span> <span class='ocrx_word' id='word_1_230' title='bbox 1046 3669 1190 3734; x_wconf 90' lang='lat' dir='ltr'><strong>laudatis</strong></span> <span class='ocrx_word' id='word_1_231' title='bbox 1210 3671 1355 3736; x_wconf 87' lang='lat' dir='ltr'><strong>auctori·</strong></span> 
     </span>
     <span class='ocr_line' id='line_1_28' title="bbox 232 3780 1356 3871; baseline -0.003 -19"><span class='ocrx_word' id='word_1_232' title='bbox 232 3786 296 3852; x_wconf 90' lang='lat' dir='ltr'><strong>bus</strong></span> <span class='ocrx_word' id='word_1_233' title='bbox 328 3794 466 3851; x_wconf 86' lang='lat' dir='ltr'><strong>venator</strong></span> <span class='ocrx_word' id='word_1_234' title='bbox 498 3781 665 3871; x_wconf 86' lang='lat' dir='ltr'><strong>Cephalus</strong></span> <span class='ocrx_word' id='word_1_235' title='bbox 693 3782 835 3849; x_wconf 89' lang='lat' dir='ltr'><strong>dicatur.</strong></span> <span class='ocrx_word' id='word_1_236' title='bbox 891 3780 1074 3846; x_wconf 86' lang='lat' dir='ltr'><strong>Tributurn</strong></span> <span class='ocrx_word' id='word_1_237' title='bbox 1103 3794 1214 3849; x_wconf 87' lang='lat' dir='ltr'><strong>autem</strong></span> <span class='ocrx_word' id='word_1_238' title='bbox 1244 3784 1298 3849; x_wconf 77' lang='lat' dir='ltr'><strong>hic</strong></span> <span class='ocrx_word' id='word_1_239' title='bbox 1324 3795 1356 3849; x_wconf 90' lang='lat' dir='ltr'><strong>et</strong></span> 
     </span>
     <span class='ocr_line' id='line_1_29' title="bbox 235 3881 1356 3984; baseline -0.004 -19"><span class='ocrx_word' id='word_1_240' title='bbox 235 3897 319 3966; x_wconf 90' lang='lat' dir='ltr'><strong>alibi</strong></span> <span class='ocrx_word' id='word_1_241' title='bbox 349 3894 492 3984; x_wconf 82' lang='lat' dir='ltr'><strong>Cephali</strong></span> <span class='ocrx_word' id='word_1_242' title='bbox 522 3907 556 3961; x_wconf 86' lang='lat' dir='ltr'><strong>et</strong></span> <span class='ocrx_word' id='word_1_243' title='bbox 569 3896 727 3962; x_wconf 73' lang='lat' dir='ltr'><strong>‚Aurorae</strong></span> <span class='ocrx_word' id='word_1_244' title='bbox 748 3881 822 3959; x_wconf 84' lang='lat' dir='ltr'><strong>filio</strong></span> <span class='ocrx_word' id='word_1_245' title='bbox 844 3915 987 3973; x_wconf 88' lang='lat' dir='ltr'><strong>nomen,</strong></span> <span class='ocrx_word' id='word_1_246' title='bbox 1011 3882 1156 3977; x_wconf 75' lang='grc' dir='ltr'><strong>Φαέθων,</strong></span> <span class='ocrx_word' id='word_1_247' title='bbox 1178 3893 1246 3960; x_wconf 88' lang='lat' dir='ltr'><strong>fuit</strong></span> <span class='ocrx_word' id='word_1_248' title='bbox 1268 3897 1356 3962; x_wconf 88' lang='lat' dir='ltr'><strong>inter</strong></span> 
     </span>
    </p>
   </div>
   <div class='ocr_carea' id='block_1_13' title="bbox 89 4004 1355 4101">
    <p class='ocr_par' dir='ltr' id='par_1_14' title="bbox 89 4004 1355 4101">
     <span class='ocr_line' id='line_1_30' title="bbox 89 4004 1355 4101; baseline -0.002 -28"><span class='ocrx_word' id='word_1_249' title='bbox 89 4059 94 4073; x_wconf 90' lang='lat'><strong>.</strong></span> <span class='ocrx_word' id='word_1_250' title='bbox 235 4008 475 4101; x_wconf 89' lang='lat' dir='ltr'><strong>appellationes</strong></span> <span class='ocrx_word' id='word_1_251' title='bbox 497 4004 594 4075; x_wconf 84' lang='lat' dir='ltr'><strong>Solis.</strong></span> <span class='ocrx_word' id='word_1_252' title='bbox 619 4007 698 4073; x_wconf 88' lang='lat' dir='ltr'><strong>Vid.</strong></span> <span class='ocrx_word' id='word_1_253' title='bbox 721 4005 820 4072; x_wconf 89' lang='lat' dir='ltr'><strong>Hom.</strong></span> <span class='ocrx_word' id='word_1_254' title='bbox 845 4005 886 4070; x_wconf 90' lang='lat' dir='ltr'><strong>Il.</strong></span> <span class='ocrx_word' id='word_1_255' title='bbox 912 4005 956 4072; x_wconf 78' lang='grc' dir='ltr'><strong>Λ.</strong></span> <span class='ocrx_word' id='word_1_256' title='bbox 980 4008 1056 4073; x_wconf 89' lang='grc'><strong>734.</strong></span> <span class='ocrx_word' id='word_1_257' title='bbox 1080 4006 1144 4074; x_wconf 88' lang='lat' dir='ltr'><strong>Od.</strong></span> <span class='ocrx_word' id='word_1_258' title='bbox 1169 4008 1208 4074; x_wconf 88' lang='lat' dir='ltr'><strong>E.</strong></span> <span class='ocrx_word' id='word_1_259' title='bbox 1227 4009 1302 4076; x_wconf 84' lang='grc'><strong>479.</strong></span> <span class='ocrx_word' id='word_1_260' title='bbox 1315 4008 1355 4074; x_wconf 92' lang='grc' dir='ltr'><strong>Λ.</strong></span> 
     </span>
    </p>
   </div>
   <div class='ocr_carea' id='block_1_14' title="bbox 237 4108 1357 4451">
    <p class='ocr_par' dir='ltr' id='par_1_15' title="bbox 237 4108 1357 4451">
     <span class='ocr_line' id='line_1_31' title="bbox 238 4108 1357 4209; baseline -0.007 -19"><span class='ocrx_word' id='word_1_261' title='bbox 238 4127 291 4190; x_wconf 87' lang='grc'><strong>16.</strong></span> <span class='ocrx_word' id='word_1_262' title='bbox 315 4122 356 4189; x_wconf 90' lang='grc' dir='ltr'><strong>Τ.</strong></span> <span class='ocrx_word' id='word_1_263' title='bbox 382 4122 456 4187; x_wconf 87' lang='grc'><strong>441.</strong></span> <span class='ocrx_word' id='word_1_264' title='bbox 485 4118 528 4186; x_wconf 87' lang='lat' dir='ltr'><strong>X.</strong></span> <span class='ocrx_word' id='word_1_265' title='bbox 554 4108 650 4188; x_wconf 52' lang='lat'><strong>3888</strong></span> <span class='ocrx_word' id='word_1_266' title='bbox 665 4120 799 4206; x_wconf 90' lang='lat' dir='ltr'><strong>dicique</strong></span> <span class='ocrx_word' id='word_1_267' title='bbox 819 4117 974 4205; x_wconf 84' lang='lat' dir='ltr'><strong>mythico</strong></span> <span class='ocrx_word' id='word_1_268' title='bbox 997 4142 1148 4186; x_wconf 88' lang='lat' dir='ltr'><strong>sermone</strong></span> <span class='ocrx_word' id='word_1_269' title='bbox 1167 4121 1299 4209; x_wconf 89' lang='lat' dir='ltr'><strong>potuit,</strong></span> <span class='ocrx_word' id='word_1_270' title='bbox 1320 4130 1357 4183; x_wconf 92' lang='lat' dir='ltr'><strong>ut</strong></span> 
     </span>
     <span class='ocr_line' id='line_1_32' title="bbox 237 4227 1357 4322; baseline -0.007 -18"><span class='ocrx_word' id='word_1_271' title='bbox 237 4261 255 4304; x_wconf 91' lang='lat' dir='ltr'><strong>e</strong></span> <span class='ocrx_word' id='word_1_272' title='bbox 277 4237 378 4303; x_wconf 86' lang='lat' dir='ltr'><strong>Nocte</strong></span> <span class='ocrx_word' id='word_1_273' title='bbox 399 4234 475 4299; x_wconf 88' lang='lat' dir='ltr'><strong>Dies</strong></span> <span class='ocrx_word' id='word_1_274' title='bbox 497 4231 610 4322; x_wconf 89' lang='lat' dir='ltr'><strong>(supra</strong></span> <span class='ocrx_word' id='word_1_275' title='bbox 632 4257 664 4300; x_wconf 86' lang='lat' dir='ltr'><strong>v.</strong></span> <span class='ocrx_word' id='word_1_276' title='bbox 692 4227 794 4317; x_wconf 80' lang='lat'><strong>124.),</strong></span> <span class='ocrx_word' id='word_1_277' title='bbox 818 4229 866 4293; x_wconf 91' lang='lat' dir='ltr'><strong>ita</strong></span> <span class='ocrx_word' id='word_1_278' title='bbox 888 4251 932 4294; x_wconf 81' lang='lat' dir='ltr'><strong>ex</strong></span> <span class='ocrx_word' id='word_1_279' title='bbox 955 4228 1085 4296; x_wconf 83' lang='lat' dir='ltr'><strong>Aurora</strong></span> <span class='ocrx_word' id='word_1_280' title='bbox 1099 4229 1155 4296; x_wconf 85' lang='lat' dir='ltr'><strong>Sol</strong></span> <span class='ocrx_word' id='word_1_281' title='bbox 1176 4243 1285 4296; x_wconf 90' lang='lat' dir='ltr'><strong>natus.</strong></span> <span class='ocrx_word' id='word_1_282' title='bbox 1307 4228 1357 4296; x_wconf 88' lang='lat' dir='ltr'><strong>Sic</strong></span> 
     </span>
     <span class='ocr_line' id='line_1_33' title="bbox 239 4340 1356 4451; baseline -0.006 -35"><span class='ocrx_word' id='word_1_283' title='bbox 239 4361 367 4427; x_wconf 86' lang='lat' dir='ltr'><strong>autern,</strong></span> <span class='ocrx_word' id='word_1_284' title='bbox 398 4344 478 4412; x_wconf 86' lang='lat' dir='ltr'><strong>oum</strong></span> <span class='ocrx_word' id='word_1_285' title='bbox 507 4344 650 4412; x_wconf 76' lang='lat' dir='ltr'><strong>erariis</strong></span> <span class='ocrx_word' id='word_1_286' title='bbox 672 4342 772 4408; x_wconf 88' lang='lat' dir='ltr'><strong>unius</strong></span> <span class='ocrx_word' id='word_1_287' title='bbox 795 4340 855 4406; x_wconf 86' lang='lat' dir='ltr'><strong>Dei</strong></span> <span class='ocrx_word' id='word_1_288' title='bbox 879 4342 1159 4451; x_wconf 88' lang='lat' dir='ltr'><strong>appellationibus</strong></span> <span class='ocrx_word' id='word_1_289' title='bbox 1181 4344 1356 4429; x_wconf 88' lang='lat' dir='ltr'><strong>paullatim</strong></span> 
     </span>
    </p>
   </div>
   <div class='ocr_carea' id='block_1_15' title="bbox 0 0 1503 5209">
    <p class='ocr_par' dir='ltr' id='par_1_16' title="bbox 0 0 1503 5209">
     <span class='ocr_line' id='line_1_34' title="bbox 0 0 1503 5209; baseline 0 0"><span class='ocrx_word' id='word_1_290' title='bbox 0 0 1503 5209; x_wconf 95' lang='lat' dir='ltr'><strong> </strong></span> 
     </span>
    </p>
   </div>
  </div>
 </body>
</html>
