2967 5209
476 548 505 591 m
530 544 653 592 usstour
677 520 891 593 ruuosoriiu.
1176 517 1245 588 341

125 729 226 806 rupta
244 739 328 805 rupe
349 717 525 795 stillantis,
548 740 640 782 suam
662 717 726 782 sibi
745 720 862 806 politae
882 716 1019 804 Stygem
1039 715 1249 782 informave-

125 832 215 909 rint,
238 840 277 894 ut
296 828 480 894 Homerum
497 840 606 895 censet
628 828 803 895 Pausanias
823 829 849 894 l.
871 851 901 895 o.
926 851 968 893 an
988 851 1066 894 vero
1083 828 1250 894 Nonacri-

126 965 205 1008 num
223 963 342 1029 aquam
365 938 467 1027 Styga
490 940 608 1007 Graeci
630 941 796 1020 dixerint,
818 942 917 1027 quod,
937 952 976 1004 ut
992 943 1169 1029 poetarum
1184 941 1250 1004 flu·
1328 1000 1331 1003 ,

127 1056 217 1133 vius,
242 1054 386 1119 stillaret
407 1052 448 1116 ab
470 1055 598 1118 excelsa
621 1065 733 1141 petra,
757 1051 1039 1140 quemadmodum
1062 1053 1189 1118 similes
1208 1052 1251 1117 ob

125 1190 235 1233 causas
257 1165 345 1254 apud
369 1166 557 1232 Taenarum
579 1188 696 1252 aquam
720 1163 833 1252 Stygis
860 1165 1039 1243 dixerunt,
1066 1176 1146 1231 teste
1168 1165 1252 1230 Plu·

126 1278 243 1344 taroho
270 1277 453 1343 de'Primo
480 1277 616 1365 Frigido
644 1300 679 1365 p.
705 1279 782 1342 954.
806 1277 846 1342 D.
894 1275 991 1342 Certe
1019 1277 1184 1342 diversam
1211 1276 1252 1341 ab

126 1391 182 1455 his
204 1411 325 1476 aquam
347 1387 460 1477 Stygis
480 1390 670 1477 cogitarunt
693 1389 856 1455 Homerus
878 1402 976 1477 atque
997 1390 1166 1467 Hesiodus,
1182 1381 1252 1465 ,tort

129 1489 249 1591 χθονὸς
271 1500 358 1590 apud
381 1499 507 1566 inferos
529 1500 701 1566 fluentem.
750 1501 863 1588 ltaque
885 1502 924 1565 in
942 1503 1099 1582 Peneum,
1116 1500 1253 1565 Thessa·

126 1615 194 1680 liae
222 1613 393 1692 fluvium,
417 1634 536 1700 aquam
571 1635 665 1678 suam
687 1614 876 1680 immittens
898 1615 1079 1679 Titaresios
1110 1614 1254 1680 Homero

128 1725 237 1791 dictus
268 1737 317 1790 est
344 1716 475 1814 Στυγὸς
494 1712 617 1795 ὕδατος
638 1713 806 1813 ἄπορῥῶξ,
828 1727 888 1813 qui
913 1728 953 1792 de
978 1740 1067 1792 terra
1092 1727 1187 1814 quasi
1214 1725 1256 1790 ab

128 1835 249 1903 inferis
258 1850 503 1927 prorumperet.
517 1838 594 1905 Vid.
607 1838 648 1903 Il.
661 1838 697 1903 B.
711 1841 773 1903 751
787 1861 886 1927 seqq„
897 1862 997 1925 quem
1009 1841 1122 1904 locum
1135 1839 1257 1905 rectius

128 1951 250 2039 cepisse
279 1951 369 2017 mihi
387 1951 521 2018 videtur
545 1952 698 2016 Lucanus
721 1950 781 2019 Vl.
805 1955 868 2018 375
895 1975 980 2038 seq.,
1004 1977 1103 2041 quem
1127 1953 1258 2018 Plinius

130 2063 208 2129 VII.
229 2066 262 2130 8.
307 2062 458 2128 Letalem
478 2073 590 2126 autem
613 2084 715 2148 aquae
735 2060 872 2150 Stygiae
890 2075 1047 2128 naturam
1064 2065 1186 2130 diserte
1200 2087 1259 2129 ne·

82 2233 87 2238 .
131 2198 196 2262 que
216 2174 379 2240 Homerus
393 2185 570 2253 memorat,
587 2195 702 2259 neque,
717 2186 768 2252 ut,
788 2175 945 2252 arbitror,
967 2174 1137 2240 Hesiodus.
1163 2176 1261 2253 Nam,

130 2287 377 2374 quodquidam
398 2308 436 2351 eo
459 2298 639 2351 traxerunt
658 2308 690 2352 v.
710 2288 786 2352 786.
811 2271 962 2375 ψυχρὸν,
983 2310 1052 2351 non
1074 2287 1175 2352 habet
1201 2311 1260 2352 ne·
1343 2352 1349 2363 ,

132 2399 271 2465 cessario
291 2398 364 2463 vim
387 2420 470 2464 eam.
503 2397 660 2463 Morbum
681 2410 805 2496 autem,
821 2400 880 2485 qui
903 2400 1088 2487 peierantes
1106 2401 1190 2465 Deos
1211 2399 1262 2463 af·

133 2513 261 2578 flixisse
284 2512 430 2576 traditur
451 2535 483 2578 v.
506 2514 570 2576 795
584 2533 684 2599 seqq„
698 2513 892 2579 immittere
904 2514 1017 2602 potuit
1029 2514 1102 2578 alia
1122 2515 1174 2579 vis
1191 2537 1262 2578 ma·

134 2627 198 2691 ior.
247 2625 344 2692 Certe
365 2626 513 2695 iurantes
534 2646 595 2712 per
614 2622 716 2712 Styga
733 2626 879 2712 periurii
898 2648 1041 2714 poenam
1058 2626 1261 2704 metuebant,

135 2738 289 2823 quamvis
311 2761 380 2803 non
397 2739 519 2803 adesset
535 2759 628 2823 aquo,
649 2749 689 2801 ut
708 2749 838 2803 constat
857 2761 901 2803 ex
919 2738 1058 2806 Homeri
1074 2741 1115 2804 ll.
1136 2762 1181 2803 cc.
1207 2740 1263 2803 In·

135 2852 330 2916 haerentem
357 2862 469 2915 autem
496 2871 598 2937 aquae
619 2850 692 2915 vim
714 2852 866 2930 noxiam,
883 2852 1003 2916 hausti
1025 2851 1167 2916 bibendo
1190 2851 1264 2930 illa,

136 2964 190 3028 vel
214 2985 284 3028 non
305 2962 457 3050 peierans
479 2961 641 3026 sensisset.
948 2956 951 2957 ⁷
1000 2946 1006 2963 ¹

78 3112 82 3120 ·
181 3078 258 3141 Esse
283 3075 322 3140 in
342 3096 375 3140 v.
397 3076 472 3139 793.
500 3057 693 3153 ἀπαλείψας
714 3073 756 3137 ab
779 3061 962 3156 ἀπολάβω,
980 3086 1067 3140 reete
1080 3076 1266 3139 docuerunt

137 3187 318 3265 Graevius,
351 3185 596 3263 Boissonedius,
634 3183 871 3272 Goettlingius.
919 3186 970 3252 Ab
1000 3176 1171 3251 ἀπολείπω
1193 3189 1264 3253 du-

136 3310 261 3379 centes,
284 3299 491 3388 ineptissime
507 3299 581 3366 eas.
599 3300 768 3385 Interpres
787 3299 934 3364 reddidit
950 3299 1078 3380 relictis,
1095 3300 1265 3386 aliquanto

136 3413 347 3503 probabilius
377 3411 593 3478 Mombritius
620 3411 774 3498 deprenso
798 3418 939 3474 crimine.
963 3412 1004 3476 D.
1024 3410 1178 3475 Heinsius
1201 3433 1265 3498 qua

135 3527 267 3592 ratione
291 3524 399 3590 lubens
420 3524 576 3602 verterit,
600 3546 671 3589 non
693 3522 861 3609 adsequor.
908 3521 1005 3608 Quod
1030 3521 1181 3591 Wolfius
1198 3524 1264 3600 ait,

138 3638 266 3728 exponi
296 3623 389 3726 posse
412 3637 536 3700 deserta
558 3635 649 3724 fide,
680 3645 768 3699 recte
796 3656 914 3723 yerum
942 3656 1007 3699 esse
1031 3647 1128 3722 negat
1145 3633 1265 3701 Goett·
1372 3628 1386 3649 ‘¹

137 3751 276 3841 lingius.

135 3982 138 3995 “
184 4000 217 4042 v.
240 3979 305 4044 804
329 3975 463 4062 Guyeto
482 3973 657 4051 delendus,
690 3984 729 4036 ut
748 3971 900 4060 spurius,
919 3944 1009 4036 visus
1025 3983 1083 4036 est.
1132 3971 1201 4038 Cur
1220 3974 1268 4037 ita

141 4090 233 4155 visus
252 4089 282 4152 ei
304 4089 362 4166 sit,
388 4109 457 4152 non
477 4086 579 4151 dixit.
625 4084 752 4151 Mentio
780 4083 917 4170 quidem
936 4082 1019 4148 sedis
1038 4070 1208 4147 ἀθανάτων
1229 4086 1267 4151 in

141 4199 292 4287 Olympo
309 4200 365 4264 hle
385 4221 456 4263 non
476 4199 580 4285 magis
601 4198 716 4276 otiosa,
735 4209 794 4261 aut
811 4218 1010 4284 supervacua
1026 4195 1143 4261 heberi
1159 4198 1266 4280 debet,

141 4334 243 4399 quam
276 4336 376 4401 supra
407 4336 441 4379 v.
472 4312 550 4378 794.
610 4310 758 4397 Namque
784 4310 823 4374 in
846 4332 882 4373 re
904 4310 960 4374 hle
988 4323 1171 4376 memorata
1192 4324 1266 4377 tum
