2967 5209
250 505 323 580 358
689 528 935 577 corruerimus,

249 701 336 791 apud
357 703 470 790 pobtas
490 699 699 769 coniunctim
720 721 799 769 cum
823 697 950 765 Gratiis
973 704 1219 770 memorentur,
1242 694 1382 759 utiam
1455 638 1457 699 A

247 818 286 883 in
307 815 406 883 Hom.
427 814 468 881 H.
490 815 529 881 in
549 813 613 900 Ap.
627 836 660 878 v.
681 813 748 893 94„
770 810 984 886 tumetium,
1009 828 1071 875 cur
1091 804 1192 872 abiis
1212 815 1382 871 ornatum
1456 800 1457 827 ³

248 928 406 1016 occepisse
419 926 575 995 dieantur
587 924 736 991 Pandora
754 922 843 1011 apud
862 922 1043 991 Hesiodum
1057 902 1152 1006 Ἔμγ.
1167 941 1201 985 v.
1218 918 1261 983 74
1271 939 1379 1005 seqq„

247 1042 360 1108 Venus
377 1039 419 1109 Η.
441 1038 540 1107 Hom.
562 1040 666 1107 altero
686 1038 724 1105 in
740 1038 825 1105 Ven.
843 1059 876 1102 v.
900 1040 920 1100 t
937 1045 970 1101 et
991 1035 1042 1099 12.
1098 1080 1099 1085 .

290 1289 348 1332 vv.
374 1268 552 1338 eol—903
583 1275 715 1333 exstant
745 1262 833 1352 apud
860 1260 1039 1329 Stobaenm
1059 1260 1119 1326 IX.
1139 1283 1173 1349 p.
1193 1262 1295 1355 1101.,
1322 1259 1379 1323 sed

246 1378 371 1457 additi,
394 1390 434 1444 ut
456 1378 606 1456 videtur,
632 1400 650 1442 a
675 1376 831 1445 Gesnero.
876 1374 1020 1442 Versum
1042 1377 1104 1439 901
1131 1385 1165 1463 et
1183 1383 1377 1459 sequentem

244 1491 326 1557 citat
351 1489 464 1559 Schol.
497 1490 634 1556 Pindari
658 1491 699 1557 ad
725 1487 782 1556 Ol.
817 1488 910 1555 XIII.
942 1488 974 1552 6.
1031 1486 1230 1575 Respiciunt
1259 1486 1377 1551 locum

246 1592 478 1671 Eratosthenes
505 1602 628 1671 Catast.
656 1607 688 1669 9.
718 1602 873 1689 Hyginus
898 1602 935 1667 P.
959 1602 999 1667 A.
1020 1600 1269 1669 25.soh01.ad
1293 1599 1377 1665 Ger·

245 1716 367 1785 munic.
392 1719 445 1782 95.

288 1965 346 2009 vv.
371 1942 561 2011 eoa-906.
583 1944 637 2008 Ex
656 1942 752 2021 Iove,
772 1963 930 2031 supremo
950 1941 1030 2019 Deo,
1046 1949 1080 2004 et
1095 1936 1260 2002 Themide
1280 1947 1376 2001 natac

244 2077 376 2143 quoque
397 2049 537 2142 Μοῖραι,
558 2053 757 2123 homiuibus
778 2054 863 2121 bona
888 2065 923 2119 et
943 2053 1033 2118 mala
1056 2049 1252 2141 (seeundum
1272 2048 1375 2115 iusti·

245 2164 343 2254 uam)
370 2168 623 2247 distribuentes,
659 2179 735 2255 apte
756 2168 874 2254 ntique
894 2167 1083 2253 finguntur.
1129 2162 1376 2230 Abiudicandos

244 2293 358 2349 tamen
379 2281 441 2349 hos
463 2303 576 2347 versus
595 2279 637 2344 ab
653 2279 795 2348 Hesiodo
817 2290 1017 2345 censuerunt
1041 2278 1165 2343 Thom.
1193 2276 1316 2344 Galeas
1334 2275 1375 2340 ad

244 2393 401 2482 Apollod.
420 2416 454 2482 p.
478 2396 511 2462 6.
536 2392 686 2460 Clericus
710 2393 750 2459 ad
773 2393 810 2458 h.
826 2395 858 2483 J·
879 2392 1061 2458 Ruhnken.
1086 2393 1149 2480 Ep.
1165 2390 1251 2458 Crit.
1266 2413 1302 2479 p.
1319 2391 1373 2455 81.

242 2505 286 2575 ob
316 2507 477 2575 traditam
503 2530 604 2594 supra
632 2529 667 2572 v.
697 2509 761 2571 217
783 2494 871 2594 seqq.
895 2506 998 2572 aliam
1019 2506 1196 2571 Parcarum
1221 2505 1374 2592 genealo-
1388 2544 1398 2559 »

243 2619 352 2709 giatm
386 2629 421 2687 at
442 2630 574 2687 certum
597 2631 655 2698 est,
671 2619 814 2685 traditae
831 2618 895 2683 hoo
915 2619 988 2684 Ioco
1005 2616 1117 2684 favere
1127 2617 1375 2706 Apollodorum

243 2732 270 2801 I.
293 2731 354 2799 111.
379 2732 424 2810 2,
448 2730 544 2797 cuius
564 2732 758 2796 auctoritati
780 2731 931 2802 Wolfius
950 2754 1118 2820 opponere
1139 2754 1208 2796 non
1237 2730 1376 2796 debebat

242 2846 342 2919 illam
365 2845 502 2913 Tzetzae
523 2845 563 2909 ad
585 2844 755 2932 Lycophr.
779 2868 811 2912 v.
838 2846 925 2924 144,
951 2847 1081 2934 priores
1107 2856 1243 2911 tantum
1264 2865 1375 2910 versus

242 2959 404 3048 genuinos
429 2958 595 3027 habentis.
643 2956 801 3024 Ceterum
825 2957 938 3045 potius
958 2956 1132 3027 Wolfium
1156 2979 1289 3043 sequar,
1308 2966 1374 3021 sta·

242 3074 408 3149 tuentem,
423 3072 627 3137 alterutrum
646 3071 891 3158 interpolatum
910 3093 976 3136 esse
994 3072 1119 3149 locum,
1134 3090 1236 3158 quam
1250 3069 1375 3136 Virum

166 3158 182 3189 ⁸
242 3185 389 3251 Doctum
409 3185 449 3251 in
477 3184 569 3251 Miro.
599 3182 691 3251 Obss.
713 3183 793 3251 Vol.
814 3183 873 3248 III.
896 3206 930 3271 p.
950 3185 1003 3285 89.
1026 3193 1059 3246 et
1076 3181 1310 3249 Robinsonnm
1335 3178 1375 3243 ad

243 3297 306 3362 hos
324 3319 393 3373 vr„
415 3297 491 3383 qui,
519 3309 559 3362 ut
574 3298 635 3362 hos
653 3320 732 3363 cum
754 3320 811 3364 vv.
834 3298 897 3361 217
919 3318 1004 3381 seqq.
1029 3295 1068 3360 in
1089 3294 1302 3359 concordiam
1322 3314 1374 3356 re·

242 3409 413 3497 digerant,
435 3410 660 3493 accusativum
682 3397 808 3496 Μοίρας
832 3411 878 3491 (v.
904 3406 994 3494 904.)
1017 3407 1089 3495 regi
1104 3408 1289 3474 voluerunt
1305 3426 1375 3470 non

243 3549 261 3588 a
285 3512 376 3589 τέκεν
402 3522 448 3611 (v.
465 3520 567 3610 tot),
590 3523 674 3587 seda
693 3522 851 3611 proxime
866 3522 1079 3610 praecedente
1095 3519 1197 3586 verbo
1212 3510 1373 3606 ὠρεύουσι.

244 3633 343 3703 Cous.
365 3657 466 3722 supra
488 3635 578 3700 dicta
596 3635 641 3701 ad
665 3658 697 3701 v.
722 3636 785 3699 217
810 3657 896 3721 seqq.

287 3885 320 3928 r.
344 3863 408 3927 907
430 3883 517 3947 seqq.
539 3863 745 3949 Eurynome,
766 3862 833 3926 Dea
855 3862 1028 3947 latposcu,
1047 3859 1168 3947 opibus
1183 3857 1371 3932 abundans,

155 3968 158 3977 ¹
245 3975 317 4040 lori
349 3985 415 4040 tres
445 3975 578 4061 peperit
608 3974 758 4052 Gratias,
792 3995 937 4060 quarum
956 3972 1114 4050 nomina,
1147 3972 1233 4036 sicut
1261 3970 1372 4057 ipsum

244 4110 367 4157 nomen
388 4074 547 4173 Χάριτες,
567 4085 747 4155 manifesto
771 4087 944 4175 pertinent
966 4088 1006 4151 ad
1033 4086 1272 4151 declarandum
1292 4106 1372 4148 mu-

246 4200 436 4267 nificentiae
466 4199 572 4277 bona,
604 4198 801 4287 praesertim
825 4200 917 4265 laute
937 4199 1086 4286 exceptis
1105 4197 1296 4286 hospitibus
1319 4195 1371 4259 vel
1455 4234 1457 4320 ⁴

245 4314 407 4381 convivis.
432 4314 518 4380 Vide
537 4312 600 4379 Od.
622 4314 648 4380 Ι.
668 4318 686 4379 5
703 4335 788 4398 seqq.
809 4313 886 4378 coll.
900 4312 1101 4378 Plutarcho:
1119 4334 1160 4375 an
1176 4308 1368 4396 Philosoph.
1455 4332 1457 4370 t
