<?xml version="1.0" encoding="UTF-8"?>
<!DOCTYPE html PUBLIC "-//W3C//DTD XHTML 1.0 Transitional//EN"
    "http://www.w3.org/TR/xhtml1/DTD/xhtml1-transitional.dtd">
<html xmlns="http://www.w3.org/1999/xhtml" xml:lang="en" lang="en">
 <head>
  <title>
</title>
<meta http-equiv="Content-Type" content="text/html;charset=utf-8" />
  <meta name='ocr-system' content='tesseract 3.04.00' />
  <meta name='ocr-capabilities' content='ocr_page ocr_carea ocr_par ocr_line ocrx_word'/>
</head>
<body>
  <div class='ocr_page' id='page_1' title='image "./hesioditheogoni00lenngoog_0274.png"; bbox 0 0 2967 5209; ppageno 0'>
   <div class='ocr_carea' id='block_1_1' title="bbox 271 488 955 567">
    <p class='ocr_par' dir='ltr' id='par_1_1' title="bbox 271 488 955 567">
     <span class='ocr_line' id='line_1_1' title="bbox 271 488 955 567; baseline -0.006 0"><span class='ocrx_word' id='word_1_1' title='bbox 271 488 344 567; x_wconf 80' lang='grc'><strong>230</strong></span> <span class='ocrx_word' id='word_1_2' title='bbox 707 516 955 565; x_wconf 71' lang='lat' dir='ltr'><strong>constratus·</strong></span> 
     </span>
    </p>
   </div>
   <div class='ocr_carea' id='block_1_2' title="bbox 269 681 1369 889">
    <p class='ocr_par' dir='ltr' id='par_1_2' title="bbox 269 681 1369 889">
     <span class='ocr_line' id='line_1_2' title="bbox 269 681 1369 776; baseline -0.003 -23"><span class='ocrx_word' id='word_1_3' title='bbox 269 685 431 776; x_wconf 86' lang='lat' dir='ltr'><strong>praescia,</strong></span> <span class='ocrx_word' id='word_1_4' title='bbox 457 707 536 751; x_wconf 85' lang='lat' dir='ltr'><strong>varo</strong></span> <span class='ocrx_word' id='word_1_5' title='bbox 560 685 672 750; x_wconf 85' lang='lat' dir='ltr'><strong>simile</strong></span> <span class='ocrx_word' id='word_1_6' title='bbox 691 687 800 754; x_wconf 87' lang='lat' dir='ltr'><strong>videri</strong></span> <span class='ocrx_word' id='word_1_7' title='bbox 820 698 947 776; x_wconf 89' lang='lat' dir='ltr'><strong>potest,</strong></span> <span class='ocrx_word' id='word_1_8' title='bbox 968 685 1048 751; x_wconf 88' lang='lat' dir='ltr'><strong>haec</strong></span> <span class='ocrx_word' id='word_1_9' title='bbox 1071 684 1113 751; x_wconf 89' lang='lat' dir='ltr'><strong>ab</strong></span> <span class='ocrx_word' id='word_1_10' title='bbox 1133 681 1321 755; x_wconf 85' lang='lat' dir='ltr'><strong>homiuibus</strong></span> <span class='ocrx_word' id='word_1_11' title='bbox 1338 685 1369 750; x_wconf 90' lang='lat' dir='ltr'><strong>ad</strong></span> 
     </span>
     <span class='ocr_line' id='line_1_3' title="bbox 269 797 896 889; baseline 0.002 -22"><span class='ocrx_word' id='word_1_12' title='bbox 269 801 352 867; x_wconf 85' lang='lat' dir='ltr'><strong>Deos</strong></span> <span class='ocrx_word' id='word_1_13' title='bbox 370 799 518 865; x_wconf 89' lang='lat' dir='ltr'><strong>marinos</strong></span> <span class='ocrx_word' id='word_1_14' title='bbox 536 797 743 865; x_wconf 74' lang='lat' dir='ltr'><strong>transtulisse</strong></span> <span class='ocrx_word' id='word_1_15' title='bbox 766 801 896 889; x_wconf 82' lang='lat' dir='ltr'><strong>vulgus.</strong></span> 
     </span>
    </p>
   </div>
   <div class='ocr_carea' id='block_1_3' title="bbox 156 1013 1433 4040">
    <p class='ocr_par' dir='ltr' id='par_1_3' title="bbox 262 1013 1431 1904">
     <span class='ocr_line' id='line_1_4' title="bbox 311 1013 1371 1115; baseline -0.005 -22"><span class='ocrx_word' id='word_1_16' title='bbox 311 1048 344 1093; x_wconf 87' lang='lat' dir='ltr'><strong>v.</strong></span> <span class='ocrx_word' id='word_1_17' title='bbox 367 1026 444 1092; x_wconf 87' lang='grc'><strong>237.</strong></span> <span class='ocrx_word' id='word_1_18' title='bbox 472 1019 660 1109; x_wconf 65' lang='lat' dir='ltr'><strong>&amp;adunca</strong></span> <span class='ocrx_word' id='word_1_19' title='bbox 683 1013 810 1115; x_wconf 73' lang='grc' dir='ltr'>μέγαν)</span> <span class='ocrx_word' id='word_1_20' title='bbox 832 1023 901 1091; x_wconf 89' lang='lat' dir='ltr'><strong>Sub</strong></span> <span class='ocrx_word' id='word_1_21' title='bbox 923 1024 1025 1091; x_wconf 88' lang='lat' dir='ltr'><strong>huius</strong></span> <span class='ocrx_word' id='word_1_22' title='bbox 1047 1026 1108 1097; x_wconf 85' lang='lat' dir='ltr'><strong>Dei</strong></span> <span class='ocrx_word' id='word_1_23' title='bbox 1128 1046 1265 1114; x_wconf 83' lang='lat' dir='ltr'><strong>persona</strong></span> <span class='ocrx_word' id='word_1_24' title='bbox 1285 1026 1371 1091; x_wconf 87' lang='lat' dir='ltr'><strong>latere</strong></span> 
     </span>
     <span class='ocr_line' id='line_1_5' title="bbox 266 1132 1371 1228; baseline -0.002 -24"><span class='ocrx_word' id='word_1_25' title='bbox 266 1139 420 1209; x_wconf 88' lang='lat' dir='ltr'><strong>miranda</strong></span> <span class='ocrx_word' id='word_1_26' title='bbox 441 1132 583 1207; x_wconf 79' lang='lat' dir='ltr'><strong>Naturae</strong></span> <span class='ocrx_word' id='word_1_27' title='bbox 601 1138 852 1227; x_wconf 86' lang='lat' dir='ltr'><strong>phaenomena,</strong></span> <span class='ocrx_word' id='word_1_28' title='bbox 873 1139 934 1205; x_wconf 91' lang='lat' dir='ltr'><strong>illa</strong></span> <span class='ocrx_word' id='word_1_29' title='bbox 953 1140 991 1205; x_wconf 90' lang='lat' dir='ltr'><strong>in</strong></span> <span class='ocrx_word' id='word_1_30' title='bbox 1013 1140 1145 1228; x_wconf 85' lang='lat' dir='ltr'><strong>primis,</strong></span> <span class='ocrx_word' id='word_1_31' title='bbox 1160 1160 1300 1228; x_wconf 89' lang='lat' dir='ltr'><strong>quorum</strong></span> <span class='ocrx_word' id='word_1_32' title='bbox 1317 1136 1371 1202; x_wconf 73' lang='lat' dir='ltr'><strong>fre</strong></span> 
     </span>
     <span class='ocr_line' id='line_1_6' title="bbox 264 1250 1372 1342; baseline -0.004 -24"><span class='ocrx_word' id='word_1_33' title='bbox 264 1252 423 1342; x_wconf 89' lang='lat' dir='ltr'><strong>quentior</strong></span> <span class='ocrx_word' id='word_1_34' title='bbox 450 1251 488 1317; x_wconf 88' lang='lat' dir='ltr'><strong>in</strong></span> <span class='ocrx_word' id='word_1_35' title='bbox 517 1251 607 1319; x_wconf 88' lang='lat' dir='ltr'><strong>mari</strong></span> <span class='ocrx_word' id='word_1_36' title='bbox 630 1251 723 1319; x_wconf 90' lang='lat' dir='ltr'><strong>inter</strong></span> <span class='ocrx_word' id='word_1_37' title='bbox 753 1250 980 1340; x_wconf 80' lang='lat' dir='ltr'><strong>navigandum</strong></span> <span class='ocrx_word' id='word_1_38' title='bbox 1008 1250 1194 1325; x_wconf 83' lang='lat' dir='ltr'><strong>observatio</strong></span> <span class='ocrx_word' id='word_1_39' title='bbox 1220 1262 1284 1328; x_wconf 87' lang='lat' dir='ltr'><strong>est,</strong></span> <span class='ocrx_word' id='word_1_40' title='bbox 1311 1262 1372 1315; x_wconf 83' lang='lat' dir='ltr'><strong>tum</strong></span> 
     </span>
     <span class='ocr_line' id='line_1_7' title="bbox 264 1361 1371 1452; baseline -0.008 -20"><span class='ocrx_word' id='word_1_41' title='bbox 264 1387 390 1432; x_wconf 86' lang='lat' dir='ltr'><strong>nomen</strong></span> <span class='ocrx_word' id='word_1_42' title='bbox 411 1365 524 1452; x_wconf 87' lang='lat' dir='ltr'><strong>ipsum</strong></span> <span class='ocrx_word' id='word_1_43' title='bbox 544 1363 705 1442; x_wconf 79' lang='lat' dir='ltr'><strong>declarat,</strong></span> <span class='ocrx_word' id='word_1_44' title='bbox 729 1374 823 1443; x_wconf 85' lang='lat' dir='ltr'><strong>tum,</strong></span> <span class='ocrx_word' id='word_1_45' title='bbox 845 1363 934 1449; x_wconf 89' lang='lat' dir='ltr'><strong>quod</strong></span> <span class='ocrx_word' id='word_1_46' title='bbox 956 1362 1126 1431; x_wconf 77' lang='lat' dir='ltr'><strong>Thaumas</strong></span> <span class='ocrx_word' id='word_1_47' title='bbox 1145 1361 1252 1440; x_wconf 86' lang='lat' dir='ltr'><strong>iufra,</strong></span> <span class='ocrx_word' id='word_1_48' title='bbox 1271 1384 1301 1427; x_wconf 86' lang='lat' dir='ltr'><strong>v.</strong></span> <span class='ocrx_word' id='word_1_49' title='bbox 1319 1362 1371 1424; x_wconf 75' lang='lat'><strong>265</strong></span> 
     </span>
     <span class='ocr_line' id='line_1_8' title="bbox 264 1471 1430 1591; baseline -0.006 -48"><span class='ocrx_word' id='word_1_50' title='bbox 264 1498 350 1566; x_wconf 83' lang='lat' dir='ltr'><strong>seqq.</strong></span> <span class='ocrx_word' id='word_1_51' title='bbox 373 1475 524 1565; x_wconf 82' lang='lat' dir='ltr'><strong>genuisse</strong></span> <span class='ocrx_word' id='word_1_52' title='bbox 542 1474 668 1541; x_wconf 89' lang='lat' dir='ltr'><strong>dicitur</strong></span> <span class='ocrx_word' id='word_1_53' title='bbox 688 1474 831 1554; x_wconf 76' lang='lat' dir='ltr'><strong>hidem,</strong></span> <span class='ocrx_word' id='word_1_54' title='bbox 854 1496 970 1540; x_wconf 89' lang='lat' dir='ltr'><strong>arcum</strong></span> <span class='ocrx_word' id='word_1_55' title='bbox 989 1475 1162 1541; x_wconf 88' lang='lat' dir='ltr'><strong>coelestem</strong></span> <span class='ocrx_word' id='word_1_56' title='bbox 1184 1486 1217 1541; x_wconf 91' lang='lat' dir='ltr'><strong>et</strong></span> <span class='ocrx_word' id='word_1_57' title='bbox 1228 1471 1372 1560; x_wconf 87' lang='lat' dir='ltr'><strong>Harpyias</strong></span> <span class='ocrx_word' id='word_1_58' title='bbox 1429 1500 1430 1591; x_wconf 60' lang='lat' dir='ltr'><strong>q</strong></span> 
     </span>
     <span class='ocr_line' id='line_1_9' title="bbox 262 1582 1370 1677; baseline -0.006 -24"><span class='ocrx_word' id='word_1_59' title='bbox 262 1591 435 1677; x_wconf 88' lang='lat' dir='ltr'><strong>procellas.</strong></span> <span class='ocrx_word' id='word_1_60' title='bbox 492 1585 649 1653; x_wconf 89' lang='lat' dir='ltr'><strong>Ceterum</strong></span> <span class='ocrx_word' id='word_1_61' title='bbox 680 1609 757 1652; x_wconf 91' lang='lat' dir='ltr'><strong>rara</strong></span> <span class='ocrx_word' id='word_1_62' title='bbox 785 1598 833 1652; x_wconf 90' lang='lat' dir='ltr'><strong>est</strong></span> <span class='ocrx_word' id='word_1_63' title='bbox 868 1586 969 1651; x_wconf 87' lang='lat' dir='ltr'><strong>huius</strong></span> <span class='ocrx_word' id='word_1_64' title='bbox 993 1585 1216 1653; x_wconf 82' lang='lat' dir='ltr'><strong>Thaumantis</strong></span> <span class='ocrx_word' id='word_1_65' title='bbox 1242 1582 1370 1658; x_wconf 87' lang='lat' dir='ltr'><strong>mentio,</strong></span> 
     </span>
     <span class='ocr_line' id='line_1_10' title="bbox 263 1700 1371 1790; baseline -0.009 -21"><span class='ocrx_word' id='word_1_66' title='bbox 263 1703 461 1790; x_wconf 82' lang='lat' dir='ltr'><strong>nequeulla</strong></span> <span class='ocrx_word' id='word_1_67' title='bbox 482 1700 604 1779; x_wconf 87' lang='lat' dir='ltr'><strong>ferme,</strong></span> <span class='ocrx_word' id='word_1_68' title='bbox 630 1701 699 1765; x_wconf 86' lang='lat' dir='ltr'><strong>nisi</strong></span> <span class='ocrx_word' id='word_1_69' title='bbox 718 1723 796 1766; x_wconf 89' lang='lat' dir='ltr'><strong>oum</strong></span> <span class='ocrx_word' id='word_1_70' title='bbox 822 1700 993 1766; x_wconf 87' lang='lat' dir='ltr'><strong>mentione</strong></span> <span class='ocrx_word' id='word_1_71' title='bbox 1016 1700 1115 1765; x_wconf 89' lang='lat' dir='ltr'><strong>Iridis</strong></span> <span class='ocrx_word' id='word_1_72' title='bbox 1133 1700 1322 1775; x_wconf 84' lang='lat' dir='ltr'><strong>coniuncta,</strong></span> <span class='ocrx_word' id='word_1_73' title='bbox 1340 1705 1371 1759; x_wconf 87' lang='lat' dir='ltr'><strong>ut</strong></span> 
     </span>
     <span class='ocr_line' id='line_1_11' title="bbox 263 1812 1431 1904; baseline -0.003 -24"><span class='ocrx_word' id='word_1_74' title='bbox 263 1816 352 1904; x_wconf 90' lang='lat' dir='ltr'><strong>apud</strong></span> <span class='ocrx_word' id='word_1_75' title='bbox 376 1813 482 1881; x_wconf 85' lang='lat' dir='ltr'><strong>Cicer.</strong></span> <span class='ocrx_word' id='word_1_76' title='bbox 506 1813 546 1877; x_wconf 91' lang='lat' dir='ltr'><strong>de</strong></span> <span class='ocrx_word' id='word_1_77' title='bbox 567 1812 608 1878; x_wconf 88' lang='lat' dir='ltr'><strong>N.</strong></span> <span class='ocrx_word' id='word_1_78' title='bbox 633 1813 673 1878; x_wconf 88' lang='lat' dir='ltr'><strong>D.</strong></span> <span class='ocrx_word' id='word_1_79' title='bbox 698 1812 759 1878; x_wconf 91' lang='lat' dir='ltr'><strong>III.</strong></span> <span class='ocrx_word' id='word_1_80' title='bbox 783 1814 838 1879; x_wconf 91' lang='grc'><strong>20.</strong></span> <span class='ocrx_word' id='word_1_81' title='bbox 962 1869 965 1878; x_wconf 54' lang='grc'><strong>.</strong></span> <span class='ocrx_word' id='word_1_82' title='bbox 1430 1868 1431 1899; x_wconf 34' lang='lat' dir='ltr'><strong>q</strong></span> 
     </span>
    </p>

    <p class='ocr_par' dir='ltr' id='par_1_4' title="bbox 156 1912 1433 4040">
     <span class='ocr_line' id='line_1_12' title="bbox 312 1912 1431 2015; baseline -0.006 -26"><span class='ocrx_word' id='word_1_83' title='bbox 312 1914 457 2015; x_wconf 68' lang='grc' dir='ltr'><strong>ἀγήνορα</strong></span> <span class='ocrx_word' id='word_1_84' title='bbox 475 1914 609 2012; x_wconf 75' lang='grc' dir='ltr'>Φόρκυν)</span> <span class='ocrx_word' id='word_1_85' title='bbox 631 1916 767 1990; x_wconf 88' lang='lat' dir='ltr'><strong>Dicitur</strong></span> <span class='ocrx_word' id='word_1_86' title='bbox 780 1926 869 2014; x_wconf 89' lang='lat' dir='ltr'><strong>apud</strong></span> <span class='ocrx_word' id='word_1_87' title='bbox 879 1925 1063 1991; x_wconf 89' lang='lat' dir='ltr'><strong>Homerum</strong></span> <span class='ocrx_word' id='word_1_88' title='bbox 1081 1924 1147 1993; x_wconf 90' lang='lat' dir='ltr'><strong>Od.</strong></span> <span class='ocrx_word' id='word_1_89' title='bbox 1159 1925 1200 1993; x_wconf 79' lang='lat' dir='ltr'><strong>A.</strong></span> <span class='ocrx_word' id='word_1_90' title='bbox 1213 1928 1265 1992; x_wconf 88' lang='grc'><strong>72.</strong></span> <span class='ocrx_word' id='word_1_91' title='bbox 1282 1920 1370 1988; x_wconf 88' lang='lat' dir='ltr'><strong>Phor·</strong></span> <span class='ocrx_word' id='word_1_92' title='bbox 1430 1912 1431 2003; x_wconf 76' lang='lat' dir='ltr'><strong>l</strong></span> 
     </span>
     <span class='ocr_line' id='line_1_13' title="bbox 263 2024 1431 2128; baseline -0.005 -23"><span class='ocrx_word' id='word_1_93' title='bbox 263 2062 322 2127; x_wconf 85' lang='lat' dir='ltr'><strong>cys</strong></span> <span class='ocrx_word' id='word_1_94' title='bbox 353 2029 435 2110; x_wconf 60' lang='lat' dir='ltr'><strong>tate</strong></span> <span class='ocrx_word' id='word_1_95' title='bbox 456 2028 655 2128; x_wconf 69' lang='grc' dir='ltr'><em>ἁτρυγέτοιο</em></span> <span class='ocrx_word' id='word_1_96' title='bbox 677 2024 786 2122; x_wconf 65' lang='grc' dir='ltr'><em>μέδων</em></span> <span class='ocrx_word' id='word_1_97' title='bbox 819 2037 883 2105; x_wconf 90' lang='lat' dir='ltr'><strong>Od.</strong></span> <span class='ocrx_word' id='word_1_98' title='bbox 915 2038 955 2105; x_wconf 88' lang='lat' dir='ltr'><strong>N.</strong></span> <span class='ocrx_word' id='word_1_99' title='bbox 978 2040 1033 2105; x_wconf 88' lang='grc'><strong>96.</strong></span> <span class='ocrx_word' id='word_1_100' title='bbox 1054 2039 1130 2105; x_wconf 76' lang='grc'><strong>345.</strong></span> <span class='ocrx_word' id='word_1_101' title='bbox 1157 2024 1250 2108; x_wconf 63' lang='lat' dir='ltr'><strong>tator</strong></span> <span class='ocrx_word' id='word_1_102' title='bbox 1270 2025 1370 2124; x_wconf 63' lang='lat' dir='ltr'><strong>qao,</strong></span> <span class='ocrx_word' id='word_1_103' title='bbox 1429 2036 1431 2071; x_wconf 81' lang='lat'><strong>⁴</strong></span> 
     </span>
     <span class='ocr_line' id='line_1_14' title="bbox 260 2140 1431 2241; baseline -0.009 -23"><span class='ocrx_word' id='word_1_104' title='bbox 260 2152 429 2240; x_wconf 85' lang='lat' dir='ltr'><strong>possitque</strong></span> <span class='ocrx_word' id='word_1_105' title='bbox 463 2174 587 2218; x_wconf 89' lang='lat' dir='ltr'><strong>nomen</strong></span> <span class='ocrx_word' id='word_1_106' title='bbox 611 2152 725 2241; x_wconf 88' lang='lat' dir='ltr'><strong>ipsum</strong></span> <span class='ocrx_word' id='word_1_107' title='bbox 749 2153 858 2218; x_wconf 83' lang='lat' dir='ltr'><strong>videri</strong></span> <span class='ocrx_word' id='word_1_108' title='bbox 885 2174 998 2218; x_wconf 89' lang='lat' dir='ltr'><strong>senem</strong></span> <span class='ocrx_word' id='word_1_109' title='bbox 1016 2151 1185 2231; x_wconf 86' lang='lat' dir='ltr'><strong>indicare,</strong></span> <span class='ocrx_word' id='word_1_110' title='bbox 1204 2171 1278 2215; x_wconf 89' lang='lat' dir='ltr'><strong>cum</strong></span> <span class='ocrx_word' id='word_1_111' title='bbox 1296 2143 1369 2234; x_wconf 86' lang='lat' dir='ltr'><strong>apud</strong></span> <span class='ocrx_word' id='word_1_112' title='bbox 1430 2140 1431 2157; x_wconf 60' lang='lat'>¹</span> 
     </span>
     <span class='ocr_line' id='line_1_15' title="bbox 261 2250 1389 2352; baseline -0.01 -22"><span class='ocrx_word' id='word_1_113' title='bbox 261 2263 467 2352; x_wconf 81' lang='lat' dir='ltr'><strong>Hesychium</strong></span> <span class='ocrx_word' id='word_1_114' title='bbox 500 2253 620 2351; x_wconf 74' lang='grc' dir='ltr'><strong><em>φὸρκον</em></strong></span> <span class='ocrx_word' id='word_1_115' title='bbox 653 2276 844 2352; x_wconf 82' lang='lat' dir='ltr'><strong>exponatur</strong></span> <span class='ocrx_word' id='word_1_116' title='bbox 874 2256 1008 2347; x_wconf 66' lang='grc' dir='ltr'><strong>λευκὸν,</strong></span> <span class='ocrx_word' id='word_1_117' title='bbox 1041 2254 1175 2347; x_wconf 73' lang='grc' dir='ltr'><em>πόλων,</em></span> <span class='ocrx_word' id='word_1_118' title='bbox 1206 2250 1313 2350; x_wconf 58' lang='lat' dir='ltr'><strong>ivah:</strong></span> <span class='ocrx_word' id='word_1_119' title='bbox 1339 2265 1389 2320; x_wconf 75' lang='lat' dir='ltr'><strong>ut·</strong></span> 
     </span>
     <span class='ocr_line' id='line_1_16' title="bbox 261 2360 1369 2460; baseline 0.005 -19"><span class='ocrx_word' id='word_1_120' title='bbox 261 2375 398 2445; x_wconf 80' lang='lat' dir='ltr'><strong>fortasse</strong></span> <span class='ocrx_word' id='word_1_121' title='bbox 431 2378 522 2443; x_wconf 88' lang='lat' dir='ltr'><strong>idem</strong></span> <span class='ocrx_word' id='word_1_122' title='bbox 551 2376 655 2445; x_wconf 87' lang='lat' dir='ltr'><strong>maris</strong></span> <span class='ocrx_word' id='word_1_123' title='bbox 683 2400 812 2443; x_wconf 89' lang='lat' dir='ltr'><strong>numen</strong></span> <span class='ocrx_word' id='word_1_124' title='bbox 843 2378 885 2444; x_wconf 92' lang='lat' dir='ltr'><strong>ab</strong></span> <span class='ocrx_word' id='word_1_125' title='bbox 920 2379 997 2444; x_wconf 90' lang='lat' dir='ltr'><strong>aliis</strong></span> <span class='ocrx_word' id='word_1_126' title='bbox 1023 2378 1063 2443; x_wconf 88' lang='lat' dir='ltr'><strong>in</strong></span> <span class='ocrx_word' id='word_1_127' title='bbox 1086 2376 1225 2445; x_wconf 87' lang='lat' dir='ltr'><strong>Graecia</strong></span> <span class='ocrx_word' id='word_1_128' title='bbox 1245 2360 1369 2460; x_wconf 65' lang='lat' dir='ltr'><strong>Napata</strong></span> 
     </span>
     <span class='ocr_line' id='line_1_17' title="bbox 260 2470 1369 2579; baseline 0.003 -26"><span class='ocrx_word' id='word_1_129' title='bbox 260 2487 302 2553; x_wconf 88' lang='lat' dir='ltr'><strong>ab</strong></span> <span class='ocrx_word' id='word_1_130' title='bbox 320 2488 397 2553; x_wconf 88' lang='lat' dir='ltr'><strong>aliis</strong></span> <span class='ocrx_word' id='word_1_131' title='bbox 418 2479 538 2577; x_wconf 73' lang='grc' dir='ltr'><strong><em>Φόρκυς</em></strong></span> <span class='ocrx_word' id='word_1_132' title='bbox 558 2489 668 2555; x_wconf 82' lang='lat' dir='ltr'><strong>dictus</strong></span> <span class='ocrx_word' id='word_1_133' title='bbox 684 2487 800 2557; x_wconf 85' lang='lat' dir='ltr'><strong>fuerit.</strong></span> <span class='ocrx_word' id='word_1_134' title='bbox 846 2490 939 2556; x_wconf 90' lang='lat' dir='ltr'><strong>Idem</strong></span> <span class='ocrx_word' id='word_1_135' title='bbox 960 2491 1165 2579; x_wconf 81' lang='lat' dir='ltr'><strong>Hesychius:</strong></span> <span class='ocrx_word' id='word_1_136' title='bbox 1190 2477 1306 2576; x_wconf 65' lang='grc' dir='ltr'><em>Νηρεὺς</em></span> <span class='ocrx_word' id='word_1_137' title='bbox 1323 2470 1369 2548; x_wconf 74' lang='lat' dir='ltr'><strong>in·</strong></span> 
     </span>
     <span class='ocr_line' id='line_1_18' title="bbox 259 2584 1433 2690; baseline -0.003 -29"><span class='ocrx_word' id='word_1_138' title='bbox 259 2589 400 2669; x_wconf 61' lang='lat' dir='ltr'><strong>turrice</strong></span> <span class='ocrx_word' id='word_1_139' title='bbox 424 2588 556 2686; x_wconf 67' lang='grc' dir='ltr'><strong>δαίμων·</strong></span> <span class='ocrx_word' id='word_1_140' title='bbox 581 2589 737 2686; x_wconf 65' lang='grc' dir='ltr'><strong><em>Ἀλκμὰν</em></strong></span> <span class='ocrx_word' id='word_1_141' title='bbox 758 2594 816 2667; x_wconf 77' lang='lat' dir='ltr'><strong>sal</strong></span> <span class='ocrx_word' id='word_1_142' title='bbox 838 2595 964 2690; x_wconf 73' lang='lat' dir='ltr'><strong>IIc‘pscu</strong></span> <span class='ocrx_word' id='word_1_143' title='bbox 983 2590 1150 2690; x_wconf 70' lang='grc' dir='ltr'><strong>ὀνομάζει.</strong></span> <span class='ocrx_word' id='word_1_144' title='bbox 1196 2601 1291 2669; x_wconf 82' lang='lat' dir='ltr'><strong>Dixit</strong></span> <span class='ocrx_word' id='word_1_145' title='bbox 1309 2584 1367 2679; x_wconf 66' lang='lat' dir='ltr'><strong>hir</strong></span> <span class='ocrx_word' id='word_1_146' title='bbox 1432 2600 1433 2657; x_wconf 65' lang='lat' dir='ltr'><strong>t</strong></span> 
     </span>
     <span class='ocr_line' id='line_1_19' title="bbox 259 2699 1433 2827; baseline 0.003 -53"><span class='ocrx_word' id='word_1_147' title='bbox 259 2729 318 2775; x_wconf 83' lang='grc' dir='ltr'><strong>κου</strong></span> <span class='ocrx_word' id='word_1_148' title='bbox 343 2699 424 2798; x_wconf 65' lang='grc' dir='ltr'><strong>ὕδωρ</strong></span> <span class='ocrx_word' id='word_1_149' title='bbox 447 2736 510 2802; x_wconf 89' lang='lat' dir='ltr'><strong>pro</strong></span> <span class='ocrx_word' id='word_1_150' title='bbox 533 2714 621 2779; x_wconf 87' lang='lat' dir='ltr'><strong>mari</strong></span> <span class='ocrx_word' id='word_1_151' title='bbox 640 2713 819 2779; x_wconf 87' lang='lat' dir='ltr'><strong>Phanocles</strong></span> <span class='ocrx_word' id='word_1_152' title='bbox 842 2716 881 2781; x_wconf 85' lang='lat' dir='ltr'><strong>in</strong></span> <span class='ocrx_word' id='word_1_153' title='bbox 899 2715 1014 2804; x_wconf 83' lang='lat' dir='ltr'><strong>Elegia</strong></span> <span class='ocrx_word' id='word_1_154' title='bbox 1034 2718 1122 2806; x_wconf 88' lang='lat' dir='ltr'><strong>apud</strong></span> <span class='ocrx_word' id='word_1_155' title='bbox 1143 2708 1368 2785; x_wconf 82' lang='lat' dir='ltr'><strong>Ruhnkenium</strong></span> <span class='ocrx_word' id='word_1_156' title='bbox 1431 2710 1433 2827; x_wconf 54' lang='lat' dir='ltr'><strong>q</strong></span> 
     </span>
     <span class='ocr_line' id='line_1_20' title="bbox 258 2823 1368 2916; baseline -0.004 -24"><span class='ocrx_word' id='word_1_157' title='bbox 258 2826 321 2913; x_wconf 87' lang='lat' dir='ltr'><strong>Ep.</strong></span> <span class='ocrx_word' id='word_1_158' title='bbox 350 2824 406 2891; x_wconf 88' lang='lat' dir='ltr'><strong>Cr.</strong></span> <span class='ocrx_word' id='word_1_159' title='bbox 430 2826 474 2891; x_wconf 91' lang='lat' dir='ltr'><strong>Il.</strong></span> <span class='ocrx_word' id='word_1_160' title='bbox 495 2849 530 2915; x_wconf 89' lang='lat' dir='ltr'><strong>p.</strong></span> <span class='ocrx_word' id='word_1_161' title='bbox 553 2828 630 2896; x_wconf 82' lang='lat'><strong>302.</strong></span> <span class='ocrx_word' id='word_1_162' title='bbox 675 2826 789 2893; x_wconf 87' lang='lat' dir='ltr'><strong>Minus</strong></span> <span class='ocrx_word' id='word_1_163' title='bbox 811 2827 1040 2909; x_wconf 82' lang='lat' dir='ltr'><strong>manifestum,</strong></span> <span class='ocrx_word' id='word_1_164' title='bbox 1056 2853 1122 2916; x_wconf 90' lang='lat' dir='ltr'><strong>quo</strong></span> <span class='ocrx_word' id='word_1_165' title='bbox 1139 2848 1235 2899; x_wconf 87' lang='lat' dir='ltr'><strong>sensu</strong></span> <span class='ocrx_word' id='word_1_166' title='bbox 1255 2823 1368 2890; x_wconf 80' lang='lat' dir='ltr'><strong>dicatur</strong></span> 
     </span>
     <span class='ocr_line' id='line_1_21' title="bbox 258 2937 1433 3027; baseline -0.002 -23"><span class='ocrx_word' id='word_1_167' title='bbox 258 2939 346 3027; x_wconf 84' lang='lat' dir='ltr'><strong>apud</strong></span> <span class='ocrx_word' id='word_1_168' title='bbox 376 2940 550 3006; x_wconf 87' lang='lat' dir='ltr'><strong>Lucanum</strong></span> <span class='ocrx_word' id='word_1_169' title='bbox 581 2941 639 3006; x_wconf 86' lang='lat' dir='ltr'><strong>IX.</strong></span> <span class='ocrx_word' id='word_1_170' title='bbox 663 2941 738 3007; x_wconf 79' lang='lat'><strong>645.</strong></span> <span class='ocrx_word' id='word_1_171' title='bbox 767 2939 914 3005; x_wconf 82' lang='lat' dir='ltr'><strong>Phorcus</strong></span> <span class='ocrx_word' id='word_1_172' title='bbox 945 2943 1115 3011; x_wconf 80' lang='lat' dir='ltr'><strong>secundum</strong></span> <span class='ocrx_word' id='word_1_173' title='bbox 1141 2963 1256 3007; x_wconf 84' lang='lat' dir='ltr'><strong>numen</strong></span> <span class='ocrx_word' id='word_1_174' title='bbox 1278 2937 1364 3022; x_wconf 70' lang='lat' dir='ltr'><strong>aquu-</strong></span> <span class='ocrx_word' id='word_1_175' title='bbox 1432 2938 1433 2941; x_wconf 66' lang='grc'>’</span> 
     </span>
     <span class='ocr_line' id='line_1_22' title="bbox 257 3051 1367 3141; baseline -0.003 -24"><span class='ocrx_word' id='word_1_176' title='bbox 257 3051 366 3117; x_wconf 87' lang='lat' dir='ltr'><strong>Potest</strong></span> <span class='ocrx_word' id='word_1_177' title='bbox 383 3051 476 3116; x_wconf 90' lang='lat' dir='ltr'><strong>enim</strong></span> <span class='ocrx_word' id='word_1_178' title='bbox 491 3075 556 3131; x_wconf 82' lang='lat' dir='ltr'><strong>esse</strong></span> <span class='ocrx_word' id='word_1_179' title='bbox 575 3052 693 3117; x_wconf 86' lang='lat' dir='ltr'><strong>ordine</strong></span> <span class='ocrx_word' id='word_1_180' title='bbox 715 3051 898 3127; x_wconf 84' lang='lat' dir='ltr'><strong>secundum</strong></span> <span class='ocrx_word' id='word_1_181' title='bbox 914 3064 949 3118; x_wconf 86' lang='lat' dir='ltr'><strong>et</strong></span> <span class='ocrx_word' id='word_1_182' title='bbox 963 3054 1075 3129; x_wconf 81' lang='lat' dir='ltr'><strong>nautis</strong></span> <span class='ocrx_word' id='word_1_183' title='bbox 1094 3055 1133 3120; x_wconf 90' lang='lat' dir='ltr'><strong>in</strong></span> <span class='ocrx_word' id='word_1_184' title='bbox 1156 3052 1249 3141; x_wconf 90' lang='lat' dir='ltr'><strong>aquis</strong></span> <span class='ocrx_word' id='word_1_185' title='bbox 1263 3064 1367 3114; x_wconf 79' lang='lat' dir='ltr'><strong>secun·</strong></span> 
     </span>
     <span class='ocr_line' id='line_1_23' title="bbox 257 3154 1365 3256; baseline -0.001 -28"><span class='ocrx_word' id='word_1_186' title='bbox 257 3164 341 3239; x_wconf 83' lang='lat' dir='ltr'><strong>dum</strong></span> <span class='ocrx_word' id='word_1_187' title='bbox 368 3188 393 3229; x_wconf 88' lang='lat' dir='ltr'><strong>s.</strong></span> <span class='ocrx_word' id='word_1_188' title='bbox 422 3162 548 3232; x_wconf 85' lang='lat' dir='ltr'><strong>favens.</strong></span> <span class='ocrx_word' id='word_1_189' title='bbox 601 3154 721 3253; x_wconf 75' lang='grc' dir='ltr'><strong><em>Φὸρκυν</em></strong></span> <span class='ocrx_word' id='word_1_190' title='bbox 744 3177 857 3231; x_wconf 89' lang='lat' dir='ltr'><strong>autem</strong></span> <span class='ocrx_word' id='word_1_191' title='bbox 879 3164 1048 3245; x_wconf 87' lang='lat' dir='ltr'><strong>Hesiodus,</strong></span> <span class='ocrx_word' id='word_1_192' title='bbox 1082 3154 1365 3256; x_wconf 58' lang='lat' dir='ltr'><strong>hydropavoeana</strong></span> 
     </span>
     <span class='ocr_line' id='line_1_24' title="bbox 256 3266 1366 3367; baseline 0.005 -27"><span class='ocrx_word' id='word_1_193' title='bbox 256 3296 466 3363; x_wconf 82' lang='lat' dir='ltr'><strong>uxoremque</strong></span> <span class='ocrx_word' id='word_1_194' title='bbox 484 3279 515 3342; x_wconf 91' lang='lat' dir='ltr'><strong>ei</strong></span> <span class='ocrx_word' id='word_1_195' title='bbox 543 3276 624 3343; x_wconf 87' lang='lat' dir='ltr'><strong>Ceto</strong></span> <span class='ocrx_word' id='word_1_196' title='bbox 645 3277 798 3344; x_wconf 88' lang='lat' dir='ltr'><strong>tribuens</strong></span> <span class='ocrx_word' id='word_1_197' title='bbox 821 3301 854 3345; x_wconf 86' lang='lat' dir='ltr'><strong>v.</strong></span> <span class='ocrx_word' id='word_1_198' title='bbox 877 3279 943 3355; x_wconf 87' lang='grc'><strong>270</strong></span> <span class='ocrx_word' id='word_1_199' title='bbox 962 3301 1062 3367; x_wconf 67' lang='lat' dir='ltr'><strong>seqq„</strong></span> <span class='ocrx_word' id='word_1_200' title='bbox 1081 3282 1186 3355; x_wconf 82' lang='lat' dir='ltr'><strong>maris</strong></span> <span class='ocrx_word' id='word_1_201' title='bbox 1200 3280 1302 3344; x_wconf 83' lang='lat' dir='ltr'><strong>Deum</strong></span> <span class='ocrx_word' id='word_1_202' title='bbox 1317 3266 1366 3331; x_wconf 65' lang='lat' dir='ltr'><strong>ht·</strong></span> 
     </span>
     <span class='ocr_line' id='line_1_25' title="bbox 256 3380 1366 3468; baseline 0.003 -18"><span class='ocrx_word' id='word_1_203' title='bbox 256 3385 365 3450; x_wconf 89' lang='lat' dir='ltr'><strong>buisse</strong></span> <span class='ocrx_word' id='word_1_204' title='bbox 384 3387 574 3453; x_wconf 86' lang='lat' dir='ltr'><strong>terribilem</strong></span> <span class='ocrx_word' id='word_1_205' title='bbox 595 3388 739 3468; x_wconf 81' lang='lat' dir='ltr'><strong>videtur,</strong></span> <span class='ocrx_word' id='word_1_206' title='bbox 763 3387 900 3456; x_wconf 85' lang='lat' dir='ltr'><strong>fortasse</strong></span> <span class='ocrx_word' id='word_1_207' title='bbox 920 3390 963 3455; x_wconf 92' lang='lat' dir='ltr'><strong>ob</strong></span> <span class='ocrx_word' id='word_1_208' title='bbox 983 3393 1076 3458; x_wconf 87' lang='lat' dir='ltr'><strong>varia</strong></span> <span class='ocrx_word' id='word_1_209' title='bbox 1095 3416 1138 3458; x_wconf 85' lang='lat' dir='ltr'><strong>ex</strong></span> <span class='ocrx_word' id='word_1_210' title='bbox 1157 3380 1366 3461; x_wconf 71' lang='lat' dir='ltr'><strong>animantium</strong></span> 
     </span>
     <span class='ocr_line' id='line_1_26' title="bbox 156 3487 1365 3586; baseline -0.007 -23"><span class='ocrx_word' id='word_1_211' title='bbox 156 3552 160 3563; x_wconf 91' lang='lat'><strong>.</strong></span> <span class='ocrx_word' id='word_1_212' title='bbox 255 3518 374 3586; x_wconf 87' lang='lat' dir='ltr'><strong>genere</strong></span> <span class='ocrx_word' id='word_1_213' title='bbox 404 3498 442 3563; x_wconf 90' lang='lat' dir='ltr'><strong>in</strong></span> <span class='ocrx_word' id='word_1_214' title='bbox 461 3500 550 3564; x_wconf 88' lang='lat' dir='ltr'><strong>mari</strong></span> <span class='ocrx_word' id='word_1_215' title='bbox 569 3502 624 3566; x_wconf 83' lang='lat' dir='ltr'><strong>vel</strong></span> <span class='ocrx_word' id='word_1_216' title='bbox 648 3502 755 3566; x_wconf 86' lang='lat' dir='ltr'><strong>maris</strong></span> <span class='ocrx_word' id='word_1_217' title='bbox 771 3502 944 3568; x_wconf 86' lang='lat' dir='ltr'><strong>littoribus</strong></span> <span class='ocrx_word' id='word_1_218' title='bbox 967 3487 1129 3571; x_wconf 85' lang='lat' dir='ltr'><strong>monstra.</strong></span> <span class='ocrx_word' id='word_1_219' title='bbox 1177 3501 1365 3571; x_wconf 81' lang='lat' dir='ltr'><strong>Memoratur</strong></span> 
     </span>
     <span class='ocr_line' id='line_1_27' title="bbox 255 3601 1363 3708; baseline -0.013 -32"><span class='ocrx_word' id='word_1_220' title='bbox 255 3610 358 3677; x_wconf 85' lang='lat' dir='ltr'><strong>huius</strong></span> <span class='ocrx_word' id='word_1_221' title='bbox 377 3611 506 3698; x_wconf 83' lang='lat' dir='ltr'><strong>generis</strong></span> <span class='ocrx_word' id='word_1_222' title='bbox 531 3611 650 3676; x_wconf 81' lang='lat' dir='ltr'><strong>Phorci</strong></span> <span class='ocrx_word' id='word_1_223' title='bbox 670 3613 784 3677; x_wconf 78' lang='lat' dir='ltr'><strong>chorus</strong></span> <span class='ocrx_word' id='word_1_224' title='bbox 814 3615 902 3704; x_wconf 88' lang='lat' dir='ltr'><strong>apud</strong></span> <span class='ocrx_word' id='word_1_225' title='bbox 920 3616 1108 3708; x_wconf 85' lang='lat' dir='ltr'><strong>Virgilium</strong></span> <span class='ocrx_word' id='word_1_226' title='bbox 1131 3618 1213 3685; x_wconf 83' lang='lat' dir='ltr'><strong>Aen.</strong></span> <span class='ocrx_word' id='word_1_227' title='bbox 1235 3610 1275 3677; x_wconf 87' lang='lat' dir='ltr'><strong>V.</strong></span> <span class='ocrx_word' id='word_1_228' title='bbox 1300 3601 1363 3668; x_wconf 77' lang='lat' dir='ltr'><strong>tte.</strong></span> 
     </span>
     <span class='ocr_line' id='line_1_28' title="bbox 255 3713 1363 3817; baseline 0.006 -29"><span class='ocrx_word' id='word_1_229' title='bbox 255 3723 372 3817; x_wconf 64' lang='lat' dir='ltr'><strong>asora</strong></span> <span class='ocrx_word' id='word_1_230' title='bbox 386 3733 545 3789; x_wconf 60' lang='lat' dir='ltr'><strong>exerent.</strong></span> <span class='ocrx_word' id='word_1_231' title='bbox 567 3725 650 3792; x_wconf 72' lang='lat' dir='ltr'><strong>ina</strong></span> <span class='ocrx_word' id='word_1_232' title='bbox 668 3727 755 3795; x_wconf 72' lang='lat' dir='ltr'><strong>aaa:</strong></span> <span class='ocrx_word' id='word_1_233' title='bbox 774 3731 862 3817; x_wconf 73' lang='lat' dir='ltr'><strong>apua</strong></span> <span class='ocrx_word' id='word_1_234' title='bbox 886 3731 1037 3799; x_wconf 67' lang='lat' dir='ltr'><strong>rantum</strong></span> <span class='ocrx_word' id='word_1_235' title='bbox 1057 3730 1212 3799; x_wconf 76' lang='lat' dir='ltr'><strong>xxxvi.</strong></span> <span class='ocrx_word' id='word_1_236' title='bbox 1237 3726 1266 3788; x_wconf 79' lang='lat'><strong>4.</strong></span> <span class='ocrx_word' id='word_1_237' title='bbox 1288 3717 1317 3783; x_wconf 83' lang='lat' dir='ltr'><strong>S·</strong></span> <span class='ocrx_word' id='word_1_238' title='bbox 1338 3713 1363 3773; x_wconf 82' lang='lat'><strong>⁷·</strong></span> 
     </span>
     <span class='ocr_line' id='line_1_29' title="bbox 254 3830 1364 3931; baseline 0.011 -30"><span class='ocrx_word' id='word_1_239' title='bbox 254 3838 400 3915; x_wconf 81' lang='lat' dir='ltr'><strong>iunctim</strong></span> <span class='ocrx_word' id='word_1_240' title='bbox 427 3839 572 3904; x_wconf 79' lang='lat' dir='ltr'><strong>Tritones</strong></span> <span class='ocrx_word' id='word_1_241' title='bbox 596 3839 770 3929; x_wconf 80' lang='lat' dir='ltr'><strong>chorusque</strong></span> <span class='ocrx_word' id='word_1_242' title='bbox 789 3843 907 3907; x_wconf 78' lang='lat' dir='ltr'><strong>Phorci</strong></span> <span class='ocrx_word' id='word_1_243' title='bbox 929 3857 961 3911; x_wconf 85' lang='lat' dir='ltr'><strong>et</strong></span> <span class='ocrx_word' id='word_1_244' title='bbox 976 3853 1108 3931; x_wconf 78' lang='lat' dir='ltr'><strong>pristes.</strong></span> <span class='ocrx_word' id='word_1_245' title='bbox 1166 3847 1253 3912; x_wconf 83' lang='lat' dir='ltr'><strong>Eum</strong></span> <span class='ocrx_word' id='word_1_246' title='bbox 1282 3830 1364 3913; x_wconf 69' lang='lat' dir='ltr'><strong>8l8¹¹⁰</strong></span> 
     </span>
     <span class='ocr_line' id='line_1_30' title="bbox 252 3947 1364 4040; baseline 0.006 -26"><span class='ocrx_word' id='word_1_247' title='bbox 252 3950 331 4015; x_wconf 89' lang='lat' dir='ltr'><strong>dato</strong></span> <span class='ocrx_word' id='word_1_248' title='bbox 360 3950 483 4039; x_wconf 89' lang='lat' dir='ltr'><strong>phocas</strong></span> <span class='ocrx_word' id='word_1_249' title='bbox 506 3964 578 4018; x_wconf 90' lang='lat' dir='ltr'><strong>toto</strong></span> <span class='ocrx_word' id='word_1_250' title='bbox 606 3975 747 4040; x_wconf 86' lang='lat' dir='ltr'><strong>aequore</strong></span> <span class='ocrx_word' id='word_1_251' title='bbox 770 3956 1023 4023; x_wconf 86' lang='lat' dir='ltr'><strong>contrahentem</strong></span> <span class='ocrx_word' id='word_1_252' title='bbox 1043 3956 1125 4023; x_wconf 89' lang='lat' dir='ltr'><strong>facit</strong></span> <span class='ocrx_word' id='word_1_253' title='bbox 1147 3957 1223 4025; x_wconf 87' lang='lat' dir='ltr'><strong>Val.</strong></span> <span class='ocrx_word' id='word_1_254' title='bbox 1244 3947 1364 4015; x_wconf 71' lang='lat' dir='ltr'><strong>Flt¹0⁰¹¹s</strong></span> 
     </span>
    </p>
   </div>
   <div class='ocr_carea' id='block_1_4' title="bbox 122 4062 415 4131">
    <p class='ocr_par' dir='ltr' id='par_1_5' title="bbox 122 4062 415 4131">
     <span class='ocr_line' id='line_1_31' title="bbox 122 4062 415 4131; baseline 0.007 -3"><span class='ocrx_word' id='word_1_255' title='bbox 122 4074 129 4083; x_wconf 84' lang='lat'>&#39;</span> <span class='ocrx_word' id='word_1_256' title='bbox 222 4062 224 4077; x_wconf 84' lang='lat'>&#39;</span> <span class='ocrx_word' id='word_1_257' title='bbox 254 4063 313 4129; x_wconf 87' lang='lat' dir='ltr'><strong>HI.</strong></span> <span class='ocrx_word' id='word_1_258' title='bbox 339 4065 415 4131; x_wconf 91' lang='grc'><strong>727.</strong></span> 
     </span>
    </p>
   </div>
   <div class='ocr_carea' id='block_1_5' title="bbox 252 4154 1360 4383">
    <p class='ocr_par' dir='ltr' id='par_1_6' title="bbox 252 4154 1360 4383">
     <span class='ocr_line' id='line_1_32' title="bbox 301 4154 1360 4266; baseline -0.028 0"><span class='ocrx_word' id='word_1_259' title='bbox 301 4166 420 4264; x_wconf 57' lang='grc' dir='ltr'><em>Φόρκυν</em></span> <span class='ocrx_word' id='word_1_260' title='bbox 444 4169 537 4266; x_wconf 60' lang='lat' dir='ltr'><strong>wll</strong></span> <span class='ocrx_word' id='word_1_261' title='bbox 561 4171 600 4243; x_wconf 67' lang='lat' dir='ltr'><strong>‘sl’</strong></span> <span class='ocrx_word' id='word_1_262' title='bbox 624 4166 783 4266; x_wconf 55' lang='lat' dir='ltr'><strong>&lt;riperta</strong></span> <span class='ocrx_word' id='word_1_263' title='bbox 808 4171 911 4254; x_wconf 76' lang='grc' dir='ltr'><strong><em>ὠκέως</em></strong></span> <span class='ocrx_word' id='word_1_264' title='bbox 932 4183 1060 4249; x_wconf 87' lang='lat' dir='ltr'><strong>dictum</strong></span> <span class='ocrx_word' id='word_1_265' title='bbox 1076 4154 1360 4260; x_wconf 71' lang='lat' dir='ltr'><strong>volmttEtym·M·</strong></span> 
     </span>
     <span class='ocr_line' id='line_1_33' title="bbox 252 4271 1358 4383; baseline -0.014 -31"><span class='ocrx_word' id='word_1_266' title='bbox 252 4311 288 4374; x_wconf 84' lang='lat' dir='ltr'><strong>p.</strong></span> <span class='ocrx_word' id='word_1_267' title='bbox 311 4291 386 4356; x_wconf 84' lang='grc'><strong>798.</strong></span> <span class='ocrx_word' id='word_1_268' title='bbox 413 4293 466 4357; x_wconf 89' lang='grc'><strong>38.</strong></span> <span class='ocrx_word' id='word_1_269' title='bbox 489 4291 684 4359; x_wconf 86' lang='lat' dir='ltr'><strong>Eustathius</strong></span> <span class='ocrx_word' id='word_1_270' title='bbox 703 4292 744 4358; x_wconf 85' lang='lat' dir='ltr'><strong>ad</strong></span> <span class='ocrx_word' id='word_1_271' title='bbox 761 4291 824 4360; x_wconf 87' lang='lat' dir='ltr'><strong>Od.</strong></span> <span class='ocrx_word' id='word_1_272' title='bbox 845 4318 879 4383; x_wconf 86' lang='lat' dir='ltr'><strong>p.</strong></span> <span class='ocrx_word' id='word_1_273' title='bbox 899 4296 993 4364; x_wconf 84' lang='grc'><strong>1392.</strong></span> <span class='ocrx_word' id='word_1_274' title='bbox 1009 4298 1061 4363; x_wconf 78' lang='lat' dir='ltr'><strong>st.</strong></span> <span class='ocrx_word' id='word_1_275' title='bbox 1080 4297 1218 4363; x_wconf 86' lang='lat' dir='ltr'><strong>Zonaras</strong></span> <span class='ocrx_word' id='word_1_276' title='bbox 1229 4308 1261 4375; x_wconf 89' lang='lat' dir='ltr'><strong>p.</strong></span> <span class='ocrx_word' id='word_1_277' title='bbox 1275 4271 1358 4343; x_wconf 83' lang='lat'>1818·</span> 
     </span>
    </p>
   </div>
   <div class='ocr_carea' id='block_1_6' title="bbox 0 0 1488 5209">
    <p class='ocr_par' dir='ltr' id='par_1_7' title="bbox 0 0 1488 5209">
     <span class='ocr_line' id='line_1_34' title="bbox 0 0 1488 5209; baseline 0 6"><span class='ocrx_word' id='word_1_278' title='bbox 0 0 1488 5209; x_wconf 95' lang='lat' dir='ltr'><strong> </strong></span> 
     </span>
    </p>
   </div>
  </div>
 </body>
</html>
