2967 5209
240 490 312 565 294
672 470 914 559 cousmmrvs

238 689 358 755 stitisse
381 685 536 764 ferretur,
560 685 641 750 hino
658 684 768 773 prisco
782 703 933 749 sermone
947 678 1052 753 frater
1070 677 1138 742 dici
1155 675 1269 764 potuit
1283 675 1367 740 Pro-
1445 754 1447 784 4

237 800 382 885 methei3
404 820 545 886 cumque
567 797 794 876 Prometheus,
817 793 1047 884 Epimetheus,
1073 791 1176 868 Atlas,
1198 786 1369 875 antiquis·

237 914 322 979 simo
345 925 498 1002 tempore
519 909 827 988 fuisseferrentur,
852 909 944 987 hino,
965 917 1005 972 ut
1022 906 1167 983 videtur,
1193 902 1261 967 filii
1280 900 1367 966 dicti

237 1038 316 1093 sunt
345 1023 466 1116 Iapeti,
497 1048 596 1114 quem
621 1027 774 1114 primum
802 1024 931 1112 generis
949 1022 1002 1086 aui
1019 1030 1189 1087 auctorem
1208 1006 1368 1082 Hellenas

237 1140 488 1228 praedicabant:
509 1141 616 1227 quod,
639 1139 737 1204 utin
760 1137 870 1203 tribus
891 1136 973 1213 illis,
997 1135 1045 1200 ita
1068 1133 1170 1199 etiam
1188 1132 1227 1196 in
1245 1139 1368 1216 quarto

237 1250 382 1333 factum,
416 1275 517 1341 quem
539 1251 719 1342 superbum
742 1263 776 1317 et
801 1261 1044 1316 contemtorem
1073 1249 1240 1323 Deorum,
1263 1243 1307 1309 ob
1331 1243 1367 1308 id

236 1360 384 1431 fulmina
400 1365 518 1443 ictum,
537 1376 693 1445 mortem,
719 1349 816 1446 olrcr‘,
838 1362 985 1441 subiisse,
1005 1372 1101 1428 vetus
1115 1360 1299 1426 Hellenum
1314 1354 1367 1422 fa·

236 1500 292 1544 ma
314 1477 498 1545 obtinebat.

278 1591 329 1655 De
347 1612 453 1655 uxore
474 1589 580 1677 Iapeti
601 1610 679 1653 cum
699 1589 796 1653 nulla
817 1598 906 1652 certa
924 1585 1087 1663 memoria
1108 1594 1271 1661 exstaret,
1291 1581 1368 1647 data

237 1703 268 1766 ei
286 1700 327 1765 ab
349 1701 425 1766 aliis
448 1702 526 1779 alia,
550 1700 591 1764 ab
610 1700 751 1765 Hesiodo
775 1699 821 1789 (v.
840 1697 930 1784 507.)
950 1721 1020 1764 non
1035 1698 1146 1786 inepte
1167 1695 1242 1760 filia
1264 1692 1367 1761 Ocea·

236 1815 291 1894 ni,
316 1804 465 1898 Κλυμένη
483 1812 625 1902 (inclyta,
643 1820 754 1899 magni
768 1809 927 1899 nominis),
946 1833 1092 1899 quocum
1107 1807 1238 1874 faciunt
1249 1805 1365 1874 Schol.

237 1927 278 1993 ad
305 1925 466 2013 Aeschyli
498 1926 612 1991 Prom.
641 1948 674 1988 v.
697 1924 774 1993 347.
801 1923 955 2011 Hyginus
974 1923 1012 1987 in
1035 1919 1141 2011 praef.
1165 1920 1303 1986 Servius
1326 1919 1366 1984 ad

237 2037 319 2105 Aen.
352 2038 379 2103 1.
412 2039 486 2103 745.
542 2035 605 2103 Sed
635 2038 748 2126 Iapeto
775 2036 918 2115 coniux,
943 2035 1140 2101 Prometheo
1161 2046 1271 2099 mater
1290 2032 1367 2099 Asia

236 2149 402 2214 tribuitur
421 2150 508 2236 apud
532 2150 690 2238 Apollod.
713 2150 739 2215 Ι.
764 2148 807 2215 11.
831 2152 862 2216 3.
885 2148 1055 2237 Lycophr.
1084 2149 1179 2214 1283.
1202 2146 1276 2234 (ubi
1294 2146 1365 2210 vid.

237 2260 360 2350 Tzetz.)
383 2261 496 2329 Schol.
519 2262 561 2327 ad
584 2261 744 2349 Apollon.
769 2261 879 2328 Rhod.
894 2262 919 2328 Ι.
940 2262 1027 2341 444.,
1050 2282 1152 2348 quam
1174 2257 1367 2324 Promethei
1451 2306 1452 2319 .

235 2377 411 2465 coniugem
432 2398 498 2441 esse
514 2377 630 2441 statuit
653 2375 839 2441 Herodotus
862 2375 920 2441 lv.
938 2376 992 2441 45.
1016 2373 1205 2440 Secundum
1220 2372 1367 2461 Aeschy-

236 2490 312 2555 lum
335 2500 448 2553 autem
468 2487 658 2553 Promethei
681 2498 790 2552 mater
806 2487 944 2553 Themis
962 2485 1046 2567 fuit3
1070 2486 1253 2552 secundum
1272 2485 1365 2563 alios,

236 2600 353 2665 Proclo
381 2611 463 2665 teste
485 2600 527 2665 ad
543 2583 653 2688 ’Ἔργα
675 2603 741 2678 99.,
763 2599 882 2689 Asope.
928 2599 1051 2666 Habita
1070 2612 1182 2665 autem
1202 2598 1367 2686 Clymene

236 2711 427 2778 Promethei
455 2712 582 2778 coniux
614 2736 633 2777 a
661 2711 874 2801 quibusdam.
905 2713 983 2783 Vid.
1013 2712 1126 2779 Schol.
1151 2710 1305 2779 Ambros.
1326 2711 1368 2775 ad

236 2825 334 2890 Hom.
358 2823 423 2890 Od.
449 2825 489 2891 K.
514 2827 545 2892 2.
553 2848 563 2907 3
597 2824 683 2892 Solis
705 2849 794 2892 uxor
815 2826 856 2892 ab
881 2827 968 2894 aliis.
1000 2827 1078 2893 Vid.
1101 2825 1203 2893 Ovid.
1231 2825 1258 2889 1.
1285 2824 1366 2890 Met.

236 2944 334 3004 extr?
373 2936 438 3005 sed
465 2961 508 3005 ex
531 2961 568 3004 ea
600 2937 765 3026 Coeloque
789 2940 942 3028 genitum
961 2938 1200 3005 Prometheum
1225 2938 1369 3003 tradunt

236 3051 350 3120 Schol.
367 3054 408 3119 ad
418 3055 562 3119 Aratum
584 3075 616 3119 v.
633 3055 709 3122 254.
743 3053 912 3120 Similiter
929 3056 1112 3133 Atlantem,
1127 3053 1220 3121 Coeli
1238 3053 1366 3129 filium,

236 3164 342 3232 Croni
371 3163 515 3230 fratrem
537 3166 718 3254 perhibent
745 3166 895 3232 Atlantei
922 3168 1040 3256 mythi
1060 3168 1150 3256 apud
1174 3167 1272 3232 Diod.
1297 3165 1366 3231 Sic.

146 3326 150 3331 -
237 3277 296 3345 IV.
327 3279 380 3343 66.
406 3289 439 3341 at
463 3277 567 3366 Iapeti
593 3279 725 3358 filium,
757 3279 813 3345 sed
837 3303 881 3346 ex
908 3281 1035 3346 Aethra
1065 3278 1189 3346 Oceani
1209 3280 1283 3345 filia
1303 3279 1367 3344 Ti·

236 3411 350 3455 maeus
373 3390 411 3454 in
437 3388 549 3456 Schol.
571 3391 612 3455 ad
629 3390 669 3456 11.
690 3393 726 3457 Ζ.
749 3394 836 3471 486.,
861 3392 988 3480 Libyae
1010 3393 1135 3478 filium*
1147 3393 1278 3458 Plinius
1288 3392 1364 3460 VII.

239 3507 303 3580 56,
328 3501 482 3571 Aetheris
504 3515 537 3568 et
558 3504 634 3569 Diei
656 3505 773 3570 filium
795 3508 929 3574 Servius
951 3508 991 3571 ad
1005 3508 1089 3572 Aen.
1114 3508 1173 3576 IV.
1191 3510 1266 3574 217.
1292 3506 1365 3585 Sed,

237 3627 276 3681 ut
297 3614 467 3693 Hesiodus,
494 3614 599 3704 Iapeti
617 3616 742 3697 filium,
759 3619 862 3704 idem,
878 3621 934 3686 vel
948 3620 1062 3707 potius
1084 3621 1171 3687 aliua
1190 3621 1365 3687 Gramma·

237 3730 324 3809 ticus
347 3729 388 3794 ad
411 3730 494 3794 Aen.
518 3728 545 3796 I.
569 3732 645 3795 741.

283 3980 316 4022 v.
354 3958 415 4021 511
445 3978 531 4043 seqq.
569 3957 610 4021 de
645 3957 844 4045 Epimetheo
875 3982 959 4046 quae
992 3962 1171 4049 leguntur,
1204 3961 1364 4027 Muetcel·

238 4072 305 4137 lius
328 4093 363 4159 p.
391 4073 467 4136 481¹.
488 4081 548 4136 aut
571 4071 727 4138 mendosa
756 4095 822 4139 esse
841 4086 951 4139 censet
972 4097 1009 4140 ac
1032 4096 1146 4140 recens
1171 4074 1361 4164 deturpata,

239 4195 297 4250 ant
317 4208 335 4249 a
355 4184 490 4257 Criticis
514 4185 681 4252 veteribus
705 4188 844 4253 tolerari
871 4190 990 4255 saltem
1012 4211 1082 4253 non
1102 4189 1264 4277 potuisse,
1287 4210 1362 4254 oum

239 4298 386 4364 uberiori
405 4296 536 4364 fabulae
557 4299 751 4378 traditioni,
770 4323 851 4386 quae
872 4302 907 4366 in
932 4300 1097 4389 Operibus
1115 4300 1359 4377 circumfertur,
