2967 5209
489 503 520 548 m
545 503 670 550 mamm
695 503 909 550 mmmmm.
1191 481 1260 553 251

132 699 209 764 gam
230 674 385 740 Hermiiis
400 674 504 739 etiam
517 675 554 740 in
577 672 677 741 Scuto
698 676 867 753 videmus,
887 674 924 739 in
945 675 1007 740 hac
1025 675 1177 763 primum
1200 700 1263 764 pn·

131 813 196 878 gna
220 784 335 853 ¹diotna
362 800 412 853 est
430 811 528 877 opem
547 790 594 867 ei,
618 812 722 877 neque
743 789 924 868 inutilem,
949 789 1162 876 praestitisse.
1184 790 1264 858 Vid.

132 903 289 990 Apollod.
299 902 381 967 ibid.
408 902 571 981 Minerva,
582 903 918 969 consiliisHerculem
930 905 1098 969 instruens
1107 902 1262 993 (valeo,

132 1018 235 1083 etiam
252 1018 290 1080 in
312 1014 414 1081 Scuto
437 1028 646 1081 memoratur
668 1040 700 1083 v.
724 1017 787 1083 125
808 1040 896 1105 seqq.
921 1021 986 1084 325
1004 1039 1093 1105 seqq.
1122 1030 1155 1083 et
1175 1019 1264 1106 apud

132 1130 235 1196 Hom.
265 1130 306 1194 ll.
335 1128 379 1194 Θ.
407 1129 482 1196 362.
516 1128 582 1196 Od.
613 1130 654 1194 Λ.
679 1132 755 1197 626.
803 1132 937 1219 Hydrae
961 1143 1072 1196 autem
1101 1131 1265 1197 Lernaeae

130 1246 229 1311 nulla
252 1243 339 1310 facta
360 1246 468 1310 estin
491 1244 629 1311 Homeri
651 1247 858 1312 carminibus
880 1247 1020 1313 mentio·

178 1356 276 1444 Quod
296 1358 386 1446 apud
405 1356 609 1446 Gregorium
627 1358 687 1426 Or.
714 1360 776 1426 111.
798 1383 832 1448 p.
859 1361 934 1426 103.
957 1360 998 1425 Ι).
1031 1381 1095 1445 seq.
1125 1360 1178 1442 (de
1199 1380 1265 1444 quo

131 1474 209 1536 loco
230 1471 381 1536 diximus
401 1471 442 1535 ad
463 1493 496 1535 v.
516 1473 603 1555 185.)
627 1484 703 1558 post
718 1483 922 1537 memoratos
944 1493 989 1537 ex
1003 1471 1137 1537 Hesiodi
1156 1470 1264 1535 Theo·

132 1584 235 1672 genia
273 1578 441 1666 Τιτᾶνας,
475 1570 659 1674 Γίγαντας,
692 1577 770 1657 τοὺς
802 1573 1080 1673 δρακοντόποδας,
1106 1577 1184 1656 τοὺς
1205 1602 1263 1650 να·
1354 1632 1355 1635 ,

132 1687 352 1784 ραυνοφὸροον
383 1687 493 1777 θεοὺς,
525 1712 759 1764 memorantur
787 1701 890 1765 etiam
924 1689 972 1763 τοι
1002 1691 1122 1786 παρὰ·
1143 1694 1265 1761 τούτων

131 1798 326 1898 γεννήματα
359 1804 416 1878 καὶ
443 1802 691 1899 προβλήματα,
720 1801 859 1901 Ὕδραν,
885 1805 1056 1899 Χίμαιραν,
1091 1800 1264 1897 Κέρβερον,

132 1915 308 2012 Γόργονεο,
343 1925 382 1990 in
411 1925 467 1990 his
499 1923 620 1990 τούτων
652 1927 780 1992 eximie
806 1928 846 1992 ad
873 1925 1030 2013 Gigantes
1050 1923 1265 1990 referendum

130 2038 335 2125 interpretes
353 2037 499 2119 duxere,
522 2062 667 2127 eumque
690 2040 829 2104 traditio
853 2048 1019 2116 exstaret,
1039 2060 1057 2102 e
1079 2037 1263 2125 Gigantum

130 2149 296 2236 sanguine
319 2150 411 2215 varia
445 2163 540 2217 enata
570 2175 636 2217 esse
657 2163 826 2230 monstra,
857 2174 931 2216 eam
955 2151 995 2215 ad
1021 2150 1265 2216 illustrandum

131 2261 338 2349 Gregorium
368 2261 565 2330 adhibuere.
599 2264 686 2331 Vide
716 2263 894 2329 Scholium
924 2262 1090 2328 Graecum
1113 2284 1157 2333 ex
1183 2261 1265 2329 Cod.

133 2374 320 2442 Clarkiano
340 2398 360 2440 a
380 2374 571 2442 Gaisfordio
593 2377 723 2443 editum
746 2377 783 2440 in
800 2375 909 2442 Catal.
930 2375 1045 2443 Clark.
1066 2374 1105 2439 T.
1115 2376 1141 2441 I.
1159 2397 1193 2462 p.
1210 2375 1263 2439 46.

130 2500 168 2553 et
188 2486 279 2553 Elias
299 2488 390 2557 Cret.
412 2490 547 2559 Comm.
567 2491 605 2555 in
622 2490 761 2578 Gregor.
785 2490 823 2555 T.
846 2490 888 2555 ΙΙ.
907 2512 942 2577 p.
961 2492 1038 2557 383.
1053 2491 1107 2567 A„
1131 2490 1170 2553 in
1189 2489 1265 2575 qui·

129 2601 196 2666 bus
223 2603 398 2667 commode
428 2588 571 2688 uiperae
593 2603 634 2667 fit
658 2604 806 2682 mentio,
836 2626 900 2691 pro
924 2625 989 2689 quo
1012 2586 1132 2668 vitiosa
1156 2611 1266 2666 exstat

128 2700 289 2798 σώματος
311 2723 377 2777 oris
399 2715 488 2802 apud
517 2712 698 2781 referentes
722 2717 837 2781 eadem
858 2715 1041 2781 Montaeut.
1067 2738 1103 2802 p.
1129 2717 1203 2781 153.
1231 2714 1264 2779 4.

128 2827 293 2892 Nonnnm
315 2849 349 2914 p.
372 2829 448 2893 517.
475 2827 513 2894 C.
535 2839 574 2893 ut
596 2829 680 2892 item
698 2830 788 2915 apud
807 2829 991 2894 Eudociam
1015 2851 1050 2916 p.
1069 2829 1158 2905 209„
1177 2826 1265 2891 illud

127 2941 175 3005 de
192 2939 326 3027 Hydrae
346 2941 478 3028 origine
497 2926 662 3006 traditum
680 2943 803 3007 diserte
821 2942 952 3006 auctori
974 2942 1180 3006 tribuentem
1200 2939 1264 3005 He·

126 3054 235 3120 siodo.
291 3055 425 3121 Movere
449 3055 531 3119 haec
557 3055 672 3119 virum
706 3055 975 3119 eruditissimum
1001 3052 1205 3118 Lobeckium
1227 3051 1265 3115 in

128 3167 300 3254 Aglaoph.
320 3191 355 3254 p.
378 3164 454 3233 576.
478 3179 562 3246 not,
579 3179 619 3232 ut
632 3167 800 3232 diversam
819 3166 860 3230 ab
881 3166 981 3230 hodie
999 3175 1150 3230 exstante
1164 3163 1265 3228 fuisse

125 3278 218 3345 olim
238 3279 276 3343 in
298 3280 491 3367 Theogonia
513 3279 684 3368 proditam
699 3290 931 3343 monstrorum
945 3280 1184 3367 plerorumque
1197 3276 1265 3341 ori·

126 3392 244 3481 ginem
268 3403 446 3471 statueret,
474 3404 590 3458 eontra
612 3413 713 3477 quem
732 3391 862 3478 optime
883 3390 1071 3479 disputavit
1094 3389 1263 3454 Muetzell.

126 3527 165 3592 p.
189 3505 266 3569 464.
305 3503 519 3570 Chimaeram
539 3505 677 3592 quidem
693 3504 890 3592 Typhaonis
912 3516 946 3569 et
965 3503 1135 3571 Echidnae
1155 3504 1264 3568 filiam

127 3616 172 3681 ab
195 3615 336 3681 Hesiodo
354 3617 498 3696 dictam,
523 3618 645 3683 diserte
668 3616 774 3682 tradit
795 3618 953 3706 Apollod.
978 3618 1021 3684 II.
1044 3617 1105 3681 ΙΙΙ.
1133 3619 1162 3681 1.

174 3865 207 3908 v.
234 3845 313 3907 316.
347 3827 477 3927 ἐνήρατο
510 3844 661 3907 medium
683 3866 746 3930 pro
773 3844 933 3930 interfecit
961 3843 1070 3907 rarius
1099 3853 1164 3906 est:
1192 3841 1264 3907 fre-

127 3955 287 4043 quentius
320 3956 384 4019 hac
414 3953 657 4042 significatione
691 3955 852 4020 activum.
898 3956 954 4019 Est
981 3966 1094 4017 tamen
1116 3953 1199 4016 item
1221 3952 1261 4016 ll.

127 4071 172 4135 Π.
198 4070 252 4135 92.
277 4063 389 4155 Τρῶας
413 4054 620 4153 ἐναιρόμενος.

173 4319 205 4360 v.
234 4296 298 4360 319
314 4317 399 4380 seqq.
426 4298 538 4361 Naxus
562 4306 623 4359 est:
647 4285 702 4372 ‘rip‘
726 4288 788 4377 μὶν
812 4293 911 4376 (hanc
936 4291 1072 4378 quidem
1093 4290 1264 4357 Echidnae
