2967 5209
260 496 330 573 148
696 521 936 572 coussrsmvs

257 718 291 786 p.
317 697 391 761 150.
408 697 453 763 30
475 716 541 782 seq.
564 684 601 759 ul
624 683 855 782 ἂπηρτισμένα
873 683 932 758 ss>
952 683 1066 758 essen
1085 677 1260 778 thescus.
1283 683 1384 755 conl.

255 807 410 874 Eusteth.
434 829 469 895 p.
493 807 588 874 1269.
625 808 667 874 37
692 827 757 894 seq.
782 804 968 894 Hesychius
990 800 1076 870 ul.
1094 824 1129 890 Ρ
1153 805 1230 869 557.
1253 804 1285 867 5.

299 1055 334 1103 v.
354 1038 397 1100 30
411 1056 498 1122 seqq.
520 1031 692 1099 Dederunt
702 1029 844 1097 Hesiodo
858 1028 970 1096 Musae
989 1025 1079 1094 leuri
1090 1027 1238 1094 virentis
1247 1046 1386 1091 ramum

254 1146 384 1235 egregie
405 1146 588 1234 speciosum
615 1141 727 1223 foliis,
767 1154 807 1209 ut
833 1142 914 1207 haec
942 1142 1097 1228 decerpta
1130 1139 1196 1207 sibi
1218 1150 1383 1216 sumeret,

255 1259 488 1344 nudatumque
508 1256 556 1321 sic
574 1253 668 1322 foliis
690 1274 826 1320 remum
851 1274 953 1342 porro
977 1263 1145 1341 sceptrum
1163 1248 1317 1332 haberem
1340 1251 1384 1316 si·

254 1372 330 1436 mul
353 1380 466 1436 eutem
483 1369 516 1434 ei
535 1360 747 1457 inspirarent
767 1390 885 1437 vocem
897 1365 1050 1434 diuinam
1067 1376 1167 1455 etque
1182 1366 1232 1431 ite
1248 1368 1383 1454 poetam

254 1480 383 1548 fectum
405 1481 574 1547 iusserunt
591 1478 695 1546 centu
711 1479 880 1547 celebrere
903 1479 1052 1545 Deorum
1071 1498 1184 1565 genus,
1206 1477 1383 1566 primoque

254 1580 479 1684 ec'postremo
500 1594 597 1683 ipses.
618 1592 699 1660 Tria
720 1592 828 1681 igitur
848 1590 990 1658 fuerunt
1003 1590 1177 1658 Musarum
1195 1591 1381 1678 done,qui·

252 1690 315 1781 bus
328 1728 406 1772 eum
424 1706 536 1772 erudi
547 1717 679 1795 pastore
695 1707 832 1795 potitam
843 1703 1082 1783 informarent,
1092 1702 1185 1782 solie,
1200 1715 1378 1792 sceptrum,

160 1829 163 1834 '
253 1820 444 1910 inspiratio.
476 1818 574 1908 Quod
592 1818 687 1886 foliis
710 1819 802 1885 lauri
815 1817 1024 1884 manducetis
1040 1817 1183 1883 excitari
1201 1818 1253 1887 vis
1272 1818 1380 1906 poeu-

252 1958 290 2002 ce
312 1935 518 2014 crederetur,
543 1919 771 2022 δαφνηφέγον
793 1931 1011 2011 Cassandram
1030 1930 1171 2009 induxit
1188 1931 1291 1996 etiem
1313 1932 1380 2019 Ly·

252 2048 404 2139 sophron
422 2070 457 2115 ν.
471 2049 503 2115 6.
524 2045 702 2136 Sceptrum
722 2045 854 2135 insigne
868 2058 940 2112 eret
957 2056 1086 2115 vetum.
1110 2044 1208 2135 Apud
1222 2044 1379 2134 Aeschyl.

252 2161 369 2252 Agens.
394 2160 479 2231 1237
497 2163 612 2229 eadem
631 2159 813 2228 Cassandro
832 2159 982 2226 moriens
997 2170 1168 2248 sceptrum
1183 2158 1323 2248 pmiicit
1340 2159 1380 2225 de

249 2272 418 2341 menibus.
476 2273 658 2340 Hesiodum
686 2295 758 2340 non
788 2272 830 2340 ed
853 2273 1021 2338 citherem
1047 2270 1216 2352 cecinisse,
1244 2270 1300 2338 sed
1324 2259 1380 2339 ist

249 2374 370 2479 ῥάβδῳ
386 2386 439 2451 ἀεὶ
456 2393 607 2474 virgam,
632 2406 734 2472 quem
755 2407 860 2451 menu
880 2384 1034 2465 tenebat,
1056 2384 1203 2473 exipsis
1220 2385 1290 2451 eius
1308 2408 1379 2453 cer-

249 2500 402 2567 minibu's
428 2501 558 2587 liquere
586 2497 636 2563 eit
660 2496 836 2569 Parmenios
866 2496 925 2567 IX.
955 2500 1010 2565 30.
1066 2497 1196 2564 Morem
1222 2499 1379 2567 cantandi

249 2598 306 2677 {orl
329 2598 449 2698 ῥάβδῳ
470 2620 638 2676 memoret
655 2611 759 2676 etiam
775 2609 1004 2678 Callimachus
1015 2608 1061 2680 sr.
1075 2612 1149 2691 133,
1163 2612 1379 2702 maximeque

164 2724 168 2734 ’
248 2744 328 2789 eum
350 2723 531 2813 proprium
559 2720 661 2789 fuisse
683 2722 832 2788 Deorum
852 2723 1001 2812 hyrnuos
1019 2723 1231 2791 cantantibus
1250 2724 1379 2793 indicet

248 2836 435 2926 Hesychius
454 2837 493 2903 in
510 2859 546 2903 v.
573 2821 729 2908 Almus.

160 2960 162 2963 ’
275 2949 474 3017 Hesiodum
496 2973 575 3015 cum
594 2951 692 3016 lauro
710 2949 781 3016 sive
796 2948 887 3015 lauri
905 2973 1001 3016 remo
1023 2952 1153 3018 donum
1172 2953 1305 3040 po’e'seos
1325 2973 1376 3017 eo·

245 3063 379 3153 cepisse,
397 3063 517 3130 dicunt
537 3062 640 3129 huius
660 3064 728 3129 loci
743 3085 906 3130 memores
929 3063 1069 3131 Archias
1085 3065 1155 3131 sive
1169 3066 1376 3154 Asclepiades

245 3176 363 3264 Epigr.
393 3199 496 3265 supra
520 3177 580 3243 eit.
610 3177 674 3243 Dio
692 3164 1034 3265 ChrysostomusOr.
1055 3179 1127 3248 LV.
1143 3201 1198 3268 pr.
1214 3178 1377 3245 Aristides

244 3290 286 3355 Τ.
313 3289 356 3357 ΙΙ.
378 3312 412 3378 p.
435 3292 488 3355 26.
516 3312 550 3377 p.
577 3291 653 3356 370.
677 3291 739 3357 Ed.
769 3290 859 3357 Iebb.
889 3315 924 3380 p.
952 3293 1008 3359 32.
1035 3315 1070 3381 p.
1101 3295 1177 3360 433.
1200 3295 1252 3362 ed.
1273 3295 1375 3365 Dius

245 3402 412 3469 Lucienus
444 3403 519 3469 adv.
556 3402 630 3468 lud.
664 3408 695 3470 3.
724 3404 817 3492 Disp.
847 3428 925 3470 cum
955 3405 1095 3473 Hesiodo
1122 3431 1177 3497 pr.
1198 3409 1373 3478 Demosth.

135 3548 137 3553 ·
245 3517 385 3584 Enoom.
411 3517 463 3582 12.
480 3515 571 3582 Max.
589 3516 715 3604 Tyrius
739 3517 932 3586 XXXVIII.
954 3519 985 3584 2.
1009 3542 1044 3607 p.
1073 3521 1147 3589 447.
1166 3521 1375 3588 Themistius

243 3628 304 3697 Or.
330 3628 437 3696 XXX.
465 3630 495 3696 1.
516 3651 551 3718 Ρ.
575 3630 653 3694 348.
677 3628 844 3696 Libenius'
859 3632 899 3698 Τ.
921 3634 947 3700 I.
965 3656 1001 3721 p.
1019 3638 1105 3701 Ι003.
1127 3637 1168 3700 16
1188 3659 1254 3724 seq.

286 3741 408 3812 Verbis
430 3739 574 3809 Archiae
590 3741 661 3810 sive
680 3741 882 3833 Asclepiadis
901 3745 938 3810 in
960 3744 1077 3836 Epigr.
1097 3748 1156 3813 eit.

365 3894 430 3968 Καί
451 3921 504 3969 cos
528 3894 770 3983 κοὼλιπέτηλον
794 3892 1014 3994 ἐρυσσάμεναι
1039 3900 1112 3996 περὶ
1133 3900 1255 4001 σταῖοτιιΙ

405 4011 548 4117 ’Ὦρεξοιν
572 4017 701 4119 δάφνης
725 4021 804 4120 ἱερὸν
828 4022 1007 4122 decepimus,

177 4184 180 4189 ’
240 4192 305 4257 usi
322 4204 401 4258 sunt
425 4193 575 4260 lortinus
597 4206 632 4260 et
651 4194 804 4266 Wolfius
825 4198 866 4263 ad
891 4199 1067 4287 probatem
1088 4198 1170 4287 ipsis
1190 4198 1372 4271 lectionem

242 4289 448 4394 δρεψάμενω
469 4307 524 4372 vel
543 4293 719 4394 deultum
736 4308 950 4381 firmandam.
974 4309 1037 4378 Sed
1051 4332 1219 4393 veremur,
1235 4323 1277 4378 ut
1288 4311 1372 4378 hinc
