2967 5209
268 465 342 541 228
711 491 951 539 couusnrauvs

269 681 397 747 quoque
420 658 631 725 hauddubie
651 660 754 725 maris
774 660 882 726 Deum
899 682 964 725 esse
985 660 1128 726 Nereum
1149 658 1294 748 putavit,
1314 682 1382 724 eum

148 830 150 833 .
269 784 419 837 tamena
448 771 552 836 Ponto
578 771 750 837 diversum
782 794 848 837 esse
874 773 1002 850 voluit,
1031 793 1091 836 nee
1115 781 1192 836 tam
1215 770 1382 859 physicum

269 885 358 951 illud
381 884 420 949 in
449 883 569 961 Nereo,
591 904 710 970 quam,
735 907 819 971 quae
841 882 1023 964 ferrentur,
1048 884 1194 950 virtutes
1216 884 1304 961 eius,
1327 883 1384 947 m‘-

270 996 450 1085 butamque
475 995 506 1061 ei
529 1004 614 1060 senis
637 998 901 1085 appellationem
924 998 1096 1085 spectavit.
1143 997 1243 1079 Quod
1267 996 1383 1065 1.234.

162 1148 170 1167 ·
271 1110 371 1194 dicit,
396 1104 551 1175 καλέουσι
574 1101 715 1197 γέροντα
736 1111 837 1197 vulgo
859 1121 1031 1198 receptum
1042 1108 1146 1175 huius
1161 1108 1385 1196 adpellationis

272 1246 370 1287 usum
390 1222 510 1310 arguit.
557 1218 740 1309 Gytheates
763 1223 907 1287 Laconas
923 1222 1094 1286 marinum
1114 1221 1266 1308 aliquem
1280 1222 1385 1299 Deum,

171 1388 178 1405 .
270 1336 351 1423 ipsis
380 1329 521 1423 γέροντα
541 1333 671 1398 dietum
692 1345 726 1398 et
739 1335 842 1400 Nerea
865 1334 1034 1412 habitum,
1056 1334 1200 1400 coluisse
1218 1343 1386 1401 auctorest

272 1447 444 1513 Pausanias
463 1446 525 1511 Ill.
544 1446 600 1511 22.
640 1445 805 1541 Memorat
827 1447 930 1512 etiam
948 1446 1111 1512 Homerus
1130 1447 1173 1514 Il.
1198 1449 1305 1513 Σ.38.
1322 1442 1384 1509 141.

271 1573 403 1649 patrem
420 1557 598 1625 Nereidum
620 1546 741 1645 γέρονθ’
769 1545 881 1641 datos,
904 1560 959 1625 sed
980 1582 1050 1626 non
1075 1560 1192 1625 addito
1216 1559 1311 1627 Nerei
1333 1579 1386 1621 no·

273 1673 377 1737 mine.
423 1670 536 1756 ltaque
561 1669 674 1765 fichol.
695 1669 785 1738 Vict.
803 1670 844 1734 ad
865 1670 907 1736 ll.
931 1673 968 1737 Σ.
993 1675 1049 1738 38.
1070 1696 1104 1760 p.
1127 1675 1204 1738 488.
1231 1671 1327 1737 Bekk.
1345 1689 1387 1732 er·

207 1796 210 1803 “
273 1806 358 1848 rasse
382 1783 500 1848 statuit
518 1782 716 1861 Hesiodum,
740 1783 800 1868 qui
816 1781 961 1849 Nereum
980 1784 1046 1849 sibi
1061 1786 1320 1873 confingendum
1335 1782 1385 1846 du·

275 1897 383 1976 xerit,
422 1908 460 1961 ut
490 1896 680 1984 adpareret,
710 1896 801 1960 unde
824 1895 931 1961 diotae
957 1895 1126 1978 Nereides3
1161 1884 1285 1986 γέρονθ’
1307 1882 1384 1960 dnn

255 2004 389 2077 'autem
413 2009 501 2098 apud
527 2008 712 2074 Homerum
736 2008 999 2096 intelligendum
1026 2033 1096 2075 non
1119 2011 1265 2077 Ner-eum
1287 2018 1384 2097 putat,

277 2124 331 2189 sed
352 2124 407 2189 vel
424 2122 581 2187 Proteum
598 2122 652 2189 vel
672 2120 839 2207 Phorcyn.
862 2118 926 2186 Sed
936 2122 1071 2186 suadere
1089 2124 1228 2189 videtur
1242 2119 1384 2207 analogia,

223 2250 225 2255 '
276 2248 317 2301 ut
338 2222 519 2324 Νηρηθθας,
549 2256 695 2321 quarum
716 2244 806 2298 certe
825 2234 955 2298 mentio
978 2235 1067 2322 apud
1090 2234 1278 2301 Homerum
1297 2239 1386 2297 exsut

279 2351 332 2439 (11.
355 2350 394 2413 Σ.
418 2351 473 2414 38.
497 2348 550 2412 49.
573 2342 654 2431 52),
683 2345 787 2410 dietas
804 2367 992 2411 censeamus
1015 2368 1034 2409 a
1054 2359 1152 2435 patre
1172 2350 1285 2427 Nereo,
1299 2340 1386 2409 utdi·

277 2474 362 2529 serte
392 2453 514 2547 Νηρῆος
548 2446 696 2547 θυγάτηρ
733 2451 833 2528 Θέτις
860 2458 991 2522 dicitur
1020 2459 1062 2524 Η.
1093 2461 1133 2526 in
1171 2461 1234 2550 Ap.
1268 2481 1299 2524 v.
1324 2456 1385 2521 319.

278 2572 436 2661 Quaestio
467 2583 579 2636 autem
606 2580 724 2648 restat,
753 2569 842 2635 unde
867 2570 976 2635 dietus
998 2568 1133 2660 Νηρεθς.
1184 2577 1217 2641 Α
1240 2562 1321 2654 vato,
1342 2553 1387 2633 1111

280 2686 370 2751 unde
399 2674 510 2772 14111,
543 2673 643 2770 wls,
678 2672 764 2770 vtplc
796 2682 820 2746 i.
851 2704 879 2747 e.
912 2676 1017 2771 ὑγρθς,
1038 2688 1259 2775 repetendum
1283 2700 1387 2748 nomen

281 2799 383 2865 duxit
414 2796 593 2864 Salmasius
625 2796 665 2861 ad
694 2795 905 2862 Trebellium
939 2797 1024 2863 Poll.
1055 2800 1154 2888 (Hist.
1190 2800 1272 2887 Aug.
1295 2798 1331 2862 T.
1355 2791 1387 2857 ll.

280 2934 315 3001 p.
335 2908 426 3000 303.)
443 2922 483 2975 ut
505 2911 574 2974 iam
594 2907 706 2976 Schol.
722 2906 812 2977 Vict.
833 2909 879 2975 ad
897 2907 1035 2978 Hom.'l.
1051 2937 1121 2979 c.a
1155 2901 1211 2979 νέω
1242 2892 1385 2996 Νηρηθθέα

282 3025 382 3095 Conf.
399 3027 515 3113 Etym.
537 3023 584 3089 Μ.
605 3046 641 3112 p.
657 3023 734 3089 507.
752 3022 804 3088 43.
829 3043 865 3108 p.
884 3022 961 3087 604.
980 3026 1034 3090 40.
1061 3024 1232 3091 Cornutus
1256 3024 1280 3087 l.
1295 3042 1322 3083 e.
1353 3013 1386 3079 111

264 3144 268 3151 ’
282 3141 493 3206 Hermannus
499 3138 539 3203 de
545 3134 694 3224 Mythol.
700 3134 759 3200 Gr.
769 3146 841 3200 ant.
848 3133 984 3223 (opusc.
991 3137 1035 3202 II.
1043 3160 1078 3226 p.
1090 3126 1292 3223 178.)Νηρέα
1301 3131 1386 3195 inter·

283 3262 434 3341 pretatur
451 3249 601 3336 Nffluum
620 3249 645 3314 i.
667 3269 695 3314 e.
716 3246 880 3326 fundum,
906 3248 952 3313 sie
971 3250 1072 3315 ducto
1092 3250 1232 3316 nomine
1252 3269 1271 3312 a
1290 3260 1321 3319 νη
1339 3258 1387 3303 ne·

284 3375 382 3454 gente
402 3375 436 3429 et
457 3352 526 3448 ρέα..
573 3359 712 3429 abhoc
739 3359 841 3424 verbo
869 3360 959 3426 illud
982 3363 1153 3450 repetiisse
1177 3356 1282 3428 videri
1300 3356 1388 3441 potatt

284 3477 387 3543 etiam
407 3472 590 3573 Spholiasta
612 3471 711 3537 adh.
734 3473 782 3550 1.,
807 3469 916 3561 Νηρέα
937 3495 1107 3561 exponens
1128 3465 1185 3555 την
1209 3462 1322 3559 ρεῦσα,
1344 3455 1386 3525 sed

285 3590 344 3678 qui
369 3582 476 3678 igitur
502 3604 537 3664 νη
569 3571 759 3649 introrsum
790 3584 957 3652 habuerit.
1015 3584 1180 3674 Equidem
1211 3573 1387 3650 salnaium

285 3702 378 3791 sequi
404 3701 508 3766 malo.
555 3696 713 3764 Ceterum
740 3697 867 3777 nescio,
899 3720 944 3763 an
967 3698 1071 3786 possit
1091 3699 1175 3764 item
1194 3684 1387 3783 repetendum

287 3815 396 3881 videri
414 3834 555 3890 nomen,
585 3834 622 3875 ac
643 3808 779 3875 fortasse
803 3813 1022 3899 repetendum
1041 3814 1158 3900 poetae
1180 3810 1287 3891 visum
1317 3797 1354 3862 sit
1373 3811 1386 3851 1

288 3947 323 4006 νη
346 3913 527 4012 ἓπιταταῷ
550 3935 584 3989 et
604 3910 687 4011 ἐρέω,
712 3935 751 3986 ut
771 3923 816 3987 sit
837 3915 960 4012 Νηρεθς
982 3949 1098 3989 verax.

331 4039 383 4107 Ad
416 4023 569 4119 θψευθὲα
590 4027 648 4100 καὶ
671 4023 797 4113 ἀληθέα
819 4035 854 4101 h.
876 4038 901 4102 l.
925 4037 1009 4103 item
1034 4039 1074 4103 ad
1097 4058 1208 4104 versus
1231 4012 1385 4095 11111140

289 4154 410 4218 -tm
434 4163 468 4216 et
489 4152 575 4216 204.1
589 4147 736 4236 respexit
759 4147 918 4240 Aelianus
940 4151 1026 4219 Hist.
1049 4150 1164 4219 Anim.
1187 4141 1273 4212 XIV.
1296 4134 1342 4198 2⁸·
