<?xml version="1.0" encoding="UTF-8"?>
<!DOCTYPE html PUBLIC "-//W3C//DTD XHTML 1.0 Transitional//EN"
    "http://www.w3.org/TR/xhtml1/DTD/xhtml1-transitional.dtd">
<html xmlns="http://www.w3.org/1999/xhtml" xml:lang="en" lang="en">
 <head>
  <title>
</title>
<meta http-equiv="Content-Type" content="text/html;charset=utf-8" />
  <meta name='ocr-system' content='tesseract 3.04.00' />
  <meta name='ocr-capabilities' content='ocr_page ocr_carea ocr_par ocr_line ocrx_word'/>
</head>
<body>
  <div class='ocr_page' id='page_1' title='image "./hesioditheogoni00lenngoog_0262.png"; bbox 0 0 2967 5209; ppageno 0'>
   <div class='ocr_carea' id='block_1_1' title="bbox 264 474 955 581">
    <p class='ocr_par' dir='ltr' id='par_1_1' title="bbox 264 474 955 581">
     <span class='ocr_line' id='line_1_1' title="bbox 264 474 955 581; baseline -0.025 -17"><span class='ocrx_word' id='word_1_1' title='bbox 264 474 337 581; x_wconf 64' lang='lat'><strong>218</strong></span> <span class='ocrx_word' id='word_1_2' title='bbox 711 500 955 549; x_wconf 79' lang='lat' dir='ltr'><strong>corrsrrrrlvs</strong></span> 
     </span>
    </p>
   </div>
   <div class='ocr_carea' id='block_1_2' title="bbox 187 658 1439 4030">
    <p class='ocr_par' dir='ltr' id='par_1_2' title="bbox 261 658 1386 1211">
     <span class='ocr_line' id='line_1_2' title="bbox 307 658 1386 763; baseline 0.003 -25"><span class='ocrx_word' id='word_1_3' title='bbox 307 672 399 738; x_wconf 82' lang='lat' dir='ltr'>Dicit</span> <span class='ocrx_word' id='word_1_4' title='bbox 419 672 593 738; x_wconf 78' lang='lat' dir='ltr'><strong>Pausanias</strong></span> <span class='ocrx_word' id='word_1_5' title='bbox 609 671 701 739; x_wconf 86' lang='lat' dir='ltr'><strong>VIII.</strong></span> <span class='ocrx_word' id='word_1_6' title='bbox 714 675 782 751; x_wconf 78' lang='lat'><strong>37,</strong></span> <span class='ocrx_word' id='word_1_7' title='bbox 801 673 986 739; x_wconf 77' lang='lat' dir='ltr'><strong>Homerum</strong></span> <span class='ocrx_word' id='word_1_8' title='bbox 1006 658 1161 761; x_wconf 80' lang='lat' dir='ltr'><strong>primum</strong></span> <span class='ocrx_word' id='word_1_9' title='bbox 1185 673 1290 763; x_wconf 81' lang='lat' dir='ltr'><strong>(hunc</strong></span> <span class='ocrx_word' id='word_1_10' title='bbox 1303 676 1386 741; x_wconf 89' lang='lat' dir='ltr'><strong>enim</strong></span> 
     </span>
     <span class='ocr_line' id='line_1_3' title="bbox 263 783 1382 872; baseline 0.002 -21"><span class='ocrx_word' id='word_1_11' title='bbox 263 785 324 851; x_wconf 90' lang='lat' dir='ltr'><strong>ille</strong></span> <span class='ocrx_word' id='word_1_12' title='bbox 338 783 563 872; x_wconf 81' lang='lat' dir='ltr'><strong>antiquiorem</strong></span> <span class='ocrx_word' id='word_1_13' title='bbox 577 783 698 850; x_wconf 87' lang='lat' dir='ltr'><strong>hahuit</strong></span> <span class='ocrx_word' id='word_1_14' title='bbox 717 783 873 870; x_wconf 77' lang='lat' dir='ltr'>Hesiodo)</span> <span class='ocrx_word' id='word_1_15' title='bbox 885 784 1035 851; x_wconf 81' lang='lat' dir='ltr'><strong>carmine</strong></span> <span class='ocrx_word' id='word_1_16' title='bbox 1050 784 1188 851; x_wconf 81' lang='lat' dir='ltr'><strong>Titanes</strong></span> <span class='ocrx_word' id='word_1_17' title='bbox 1203 786 1382 866; x_wconf 70' lang='lat' dir='ltr'><strong>celebrasse,</strong></span> 
     </span>
     <span class='ocr_line' id='line_1_4' title="bbox 261 886 1381 986; baseline 0 -24"><span class='ocrx_word' id='word_1_18' title='bbox 261 898 321 985; x_wconf 89' lang='lat' dir='ltr'><strong>qni</strong></span> <span class='ocrx_word' id='word_1_19' title='bbox 350 898 396 964; x_wconf 90' lang='lat' dir='ltr'><strong>sic</strong></span> <span class='ocrx_word' id='word_1_20' title='bbox 426 897 531 964; x_wconf 88' lang='lat' dir='ltr'><strong>dictos</strong></span> <span class='ocrx_word' id='word_1_21' title='bbox 562 886 650 970; x_wconf 72' lang='grc' dir='ltr'><strong><em>θεοὺς</em></strong></span> <span class='ocrx_word' id='word_1_22' title='bbox 675 890 930 986; x_wconf 69' lang='grc' dir='ltr'><strong><em>ὑποταρταρίους</em></strong></span> <span class='ocrx_word' id='word_1_23' title='bbox 959 897 1148 986; x_wconf 80' lang='lat' dir='ltr'><strong>prodiderit</strong></span> <span class='ocrx_word' id='word_1_24' title='bbox 1180 898 1226 964; x_wconf 89' lang='lat' dir='ltr'><strong>ll.</strong></span> <span class='ocrx_word' id='word_1_25' title='bbox 1250 902 1285 965; x_wconf 81' lang='grc' dir='ltr'><strong>Ξ.</strong></span> <span class='ocrx_word' id='word_1_26' title='bbox 1316 902 1381 967; x_wconf 78' lang='lat' dir='ltr'><strong>tta.</strong></span> 
     </span>
     <span class='ocr_line' id='line_1_5' title="bbox 264 1009 1385 1099; baseline -0.003 -20"><span class='ocrx_word' id='word_1_27' title='bbox 264 1010 362 1079; x_wconf 86' lang='lat' dir='ltr'><strong>Conf.</strong></span> <span class='ocrx_word' id='word_1_28' title='bbox 383 1020 417 1076; x_wconf 89' lang='lat' dir='ltr'><strong>et</strong></span> <span class='ocrx_word' id='word_1_29' title='bbox 442 1009 483 1077; x_wconf 87' lang='lat' dir='ltr'><strong>H.</strong></span> <span class='ocrx_word' id='word_1_30' title='bbox 505 1010 544 1075; x_wconf 91' lang='lat' dir='ltr'><strong>in</strong></span> <span class='ocrx_word' id='word_1_31' title='bbox 568 1012 631 1099; x_wconf 81' lang='lat' dir='ltr'><strong>Ap.</strong></span> <span class='ocrx_word' id='word_1_32' title='bbox 661 1013 726 1077; x_wconf 72' lang='grc'><strong>034</strong></span> <span class='ocrx_word' id='word_1_33' title='bbox 750 1033 847 1099; x_wconf 76' lang='lat' dir='ltr'><strong>seqq,</strong></span> <span class='ocrx_word' id='word_1_34' title='bbox 874 1011 934 1076; x_wconf 91' lang='lat' dir='ltr'><strong>nbi</strong></span> <span class='ocrx_word' id='word_1_35' title='bbox 957 1033 1001 1076; x_wconf 87' lang='lat' dir='ltr'><strong>ex</strong></span> <span class='ocrx_word' id='word_1_36' title='bbox 1015 1009 1133 1088; x_wconf 89' lang='lat' dir='ltr'><strong>Coelo,</strong></span> <span class='ocrx_word' id='word_1_37' title='bbox 1159 1011 1285 1091; x_wconf 86' lang='lat' dir='ltr'><strong>Terra,</strong></span> <span class='ocrx_word' id='word_1_38' title='bbox 1304 1013 1385 1076; x_wconf 86' lang='lat' dir='ltr'><strong>Tita-</strong></span> 
     </span>
     <span class='ocr_line' id='line_1_6' title="bbox 263 1117 1143 1211; baseline 0.002 -24"><span class='ocrx_word' id='word_1_39' title='bbox 263 1122 363 1188; x_wconf 90' lang='lat' dir='ltr'><strong>nibus</strong></span> <span class='ocrx_word' id='word_1_40' title='bbox 384 1123 456 1188; x_wconf 88' lang='lat' dir='ltr'><strong>nati</strong></span> <span class='ocrx_word' id='word_1_41' title='bbox 478 1122 536 1188; x_wconf 93' lang='lat' dir='ltr'><strong>Dii</strong></span> <span class='ocrx_word' id='word_1_42' title='bbox 559 1134 658 1211; x_wconf 86' lang='lat' dir='ltr'><strong>atque</strong></span> <span class='ocrx_word' id='word_1_43' title='bbox 680 1123 835 1191; x_wconf 88' lang='lat' dir='ltr'><strong>homines</strong></span> <span class='ocrx_word' id='word_1_44' title='bbox 858 1125 1028 1190; x_wconf 87' lang='lat' dir='ltr'><strong>dicuutur.</strong></span> <span class='ocrx_word' id='word_1_45' title='bbox 1053 1170 1057 1177; x_wconf 82' lang='lat'>-</span> <span class='ocrx_word' id='word_1_46' title='bbox 1138 1117 1143 1128; x_wconf 72' lang='grc'><strong><em>’</em></strong></span> 
     </span>
    </p>

    <p class='ocr_par' dir='ltr' id='par_1_3' title="bbox 187 1236 1439 3567">
     <span class='ocr_line' id='line_1_7' title="bbox 306 1236 1386 1326; baseline -0.003 -23"><span class='ocrx_word' id='word_1_47' title='bbox 306 1236 429 1303; x_wconf 85' lang='lat' dir='ltr'><strong>Versus</strong></span> <span class='ocrx_word' id='word_1_48' title='bbox 453 1237 629 1303; x_wconf 79' lang='lat'>207-210</span> <span class='ocrx_word' id='word_1_49' title='bbox 656 1238 788 1326; x_wconf 89' lang='lat' dir='ltr'><strong>spurios</strong></span> <span class='ocrx_word' id='word_1_50' title='bbox 811 1237 939 1303; x_wconf 88' lang='lat' dir='ltr'><strong>censuit</strong></span> <span class='ocrx_word' id='word_1_51' title='bbox 957 1237 1112 1314; x_wconf 84' lang='lat' dir='ltr'><strong>Wolfius,</strong></span> <span class='ocrx_word' id='word_1_52' title='bbox 1135 1239 1290 1325; x_wconf 82' lang='lat' dir='ltr'><strong>ineptam</strong></span> <span class='ocrx_word' id='word_1_53' title='bbox 1306 1247 1386 1301; x_wconf 86' lang='lat' dir='ltr'><strong>ratus</strong></span> 
     </span>
     <span class='ocr_line' id='line_1_8' title="bbox 262 1347 1384 1439; baseline 0 -26"><span class='ocrx_word' id='word_1_54' title='bbox 262 1349 519 1437; x_wconf 80' lang='lat' dir='ltr'><strong>etymologiam,</strong></span> <span class='ocrx_word' id='word_1_55' title='bbox 556 1350 733 1439; x_wconf 86' lang='lat' dir='ltr'><strong>inepteque</strong></span> <span class='ocrx_word' id='word_1_56' title='bbox 758 1347 881 1416; x_wconf 83' lang='lat' dir='ltr'><strong>inferri</strong></span> <span class='ocrx_word' id='word_1_57' title='bbox 911 1350 1011 1416; x_wconf 89' lang='lat' dir='ltr'><strong>illam</strong></span> <span class='ocrx_word' id='word_1_58' title='bbox 1039 1362 1115 1438; x_wconf 91' lang='lat' dir='ltr'><strong>post</strong></span> <span class='ocrx_word' id='word_1_59' title='bbox 1140 1350 1330 1438; x_wconf 82' lang='lat' dir='ltr'><strong>longiorem</strong></span> <span class='ocrx_word' id='word_1_60' title='bbox 1351 1349 1384 1414; x_wconf 88' lang='lat' dir='ltr'><strong>de</strong></span> 
     </span>
     <span class='ocr_line' id='line_1_9' title="bbox 262 1459 1385 1551; baseline -0.004 -23"><span class='ocrx_word' id='word_1_61' title='bbox 262 1462 402 1542; x_wconf 83' lang='lat' dir='ltr'><strong>Venere,</strong></span> <span class='ocrx_word' id='word_1_62' title='bbox 421 1485 441 1527; x_wconf 90' lang='lat' dir='ltr'><strong>a</strong></span> <span class='ocrx_word' id='word_1_63' title='bbox 465 1460 643 1528; x_wconf 78' lang='lat' dir='ltr'><strong>Titanibus</strong></span> <span class='ocrx_word' id='word_1_64' title='bbox 661 1464 818 1543; x_wconf 86' lang='lat' dir='ltr'><strong>alienam,</strong></span> <span class='ocrx_word' id='word_1_65' title='bbox 841 1462 1091 1551; x_wconf 81' lang='lat' dir='ltr'><strong>digressionem.</strong></span> <span class='ocrx_word' id='word_1_66' title='bbox 1117 1463 1250 1540; x_wconf 84' lang='lat' dir='ltr'><strong>»Tum,</strong></span> <span class='ocrx_word' id='word_1_67' title='bbox 1273 1459 1385 1548; x_wconf 86' lang='lat' dir='ltr'><strong>inquit,</strong></span> 
     </span>
     <span class='ocr_line' id='line_1_10' title="bbox 263 1574 1384 1663; baseline -0.002 -24"><span class='ocrx_word' id='word_1_68' title='bbox 263 1596 371 1639; x_wconf 78' lang='lat' dir='ltr'><strong>»nnus</strong></span> <span class='ocrx_word' id='word_1_69' title='bbox 398 1586 533 1640; x_wconf 87' lang='lat' dir='ltr'><strong>tantum</strong></span> <span class='ocrx_word' id='word_1_70' title='bbox 556 1595 674 1639; x_wconf 89' lang='lat' dir='ltr'><strong>eorum</strong></span> <span class='ocrx_word' id='word_1_71' title='bbox 698 1574 830 1642; x_wconf 85' lang='lat' dir='ltr'><strong>Cronus</strong></span> <span class='ocrx_word' id='word_1_72' title='bbox 854 1574 1041 1663; x_wconf 85' lang='lat' dir='ltr'><strong>impietatis</strong></span> <span class='ocrx_word' id='word_1_73' title='bbox 1065 1597 1141 1663; x_wconf 88' lang='lat' dir='ltr'><strong>erga</strong></span> <span class='ocrx_word' id='word_1_74' title='bbox 1167 1584 1302 1662; x_wconf 82' lang='lat' dir='ltr'><strong>patrem</strong></span> <span class='ocrx_word' id='word_1_75' title='bbox 1321 1594 1384 1637; x_wconf 86' lang='lat' dir='ltr'><strong>reus</strong></span> 
     </span>
     <span class='ocr_line' id='line_1_11' title="bbox 187 1684 1384 1776; baseline 0 -27"><span class='ocrx_word' id='word_1_76' title='bbox 187 1742 190 1749; x_wconf 89' lang='lat'><strong>.</strong></span> <span class='ocrx_word' id='word_1_77' title='bbox 263 1687 339 1774; x_wconf 79' lang='lat' dir='ltr'><strong>sagi</strong></span> <span class='ocrx_word' id='word_1_78' title='bbox 358 1698 505 1775; x_wconf 84' lang='lat' dir='ltr'><strong>poterat,</strong></span> <span class='ocrx_word' id='word_1_79' title='bbox 529 1708 598 1753; x_wconf 91' lang='lat' dir='ltr'><strong>non</strong></span> <span class='ocrx_word' id='word_1_80' title='bbox 624 1687 726 1751; x_wconf 89' lang='lat' dir='ltr'><strong>ceteri</strong></span> <span class='ocrx_word' id='word_1_81' title='bbox 746 1687 830 1754; x_wconf 84' lang='lat' dir='ltr'><strong>item</strong></span> <span class='ocrx_word' id='word_1_82' title='bbox 854 1687 921 1752; x_wconf 84' lang='lat' dir='ltr'><strong>filii</strong></span> <span class='ocrx_word' id='word_1_83' title='bbox 946 1688 1251 1776; x_wconf 77' lang='lat' dir='ltr'><strong>supramemorati</strong></span> <span class='ocrx_word' id='word_1_84' title='bbox 1279 1704 1308 1751; x_wconf 80' lang='lat' dir='ltr'><strong>v.</strong></span> <span class='ocrx_word' id='word_1_85' title='bbox 1332 1684 1384 1750; x_wconf 73' lang='lat'><strong>133</strong></span> 
     </span>
     <span class='ocr_line' id='line_1_12' title="bbox 262 1796 1382 1887; baseline -0.002 -25"><span class='ocrx_word' id='word_1_86' title='bbox 262 1821 347 1886; x_wconf 74' lang='lat' dir='ltr'><strong>susq.</strong></span> <span class='ocrx_word' id='word_1_87' title='bbox 370 1798 430 1886; x_wconf 92' lang='lat' dir='ltr'><strong>qui</strong></span> <span class='ocrx_word' id='word_1_88' title='bbox 453 1809 589 1863; x_wconf 85' lang='lat' dir='ltr'><strong>tantum</strong></span> <span class='ocrx_word' id='word_1_89' title='bbox 617 1796 724 1876; x_wconf 82' lang='lat' dir='ltr'><strong>abest,</strong></span> <span class='ocrx_word' id='word_1_90' title='bbox 754 1809 794 1863; x_wconf 90' lang='lat' dir='ltr'><strong>ut</strong></span> <span class='ocrx_word' id='word_1_91' title='bbox 815 1810 848 1864; x_wconf 90' lang='lat' dir='ltr'><strong>et</strong></span> <span class='ocrx_word' id='word_1_92' title='bbox 867 1799 933 1887; x_wconf 90' lang='lat' dir='ltr'><strong>ipsi</strong></span> <span class='ocrx_word' id='word_1_93' title='bbox 954 1800 1087 1866; x_wconf 85' lang='lat' dir='ltr'><strong>sceleris</strong></span> <span class='ocrx_word' id='word_1_94' title='bbox 1104 1799 1233 1865; x_wconf 81' lang='lat' dir='ltr'><strong>conscii</strong></span> <span class='ocrx_word' id='word_1_95' title='bbox 1250 1797 1382 1873; x_wconf 83' lang='lat' dir='ltr'><strong>fuerint,</strong></span> 
     </span>
     <span class='ocr_line' id='line_1_13' title="bbox 262 1909 1383 1999; baseline -0.003 -25"><span class='ocrx_word' id='word_1_96' title='bbox 262 1923 324 1976; x_wconf 88' lang='lat' dir='ltr'><strong>»ut</strong></span> <span class='ocrx_word' id='word_1_97' title='bbox 354 1910 509 1976; x_wconf 84' lang='lat' dir='ltr'><strong>maximo</strong></span> <span class='ocrx_word' id='word_1_98' title='bbox 542 1910 679 1975; x_wconf 86' lang='lat' dir='ltr'><strong>horrore</strong></span> <span class='ocrx_word' id='word_1_99' title='bbox 704 1911 812 1976; x_wconf 87' lang='lat' dir='ltr'><strong>animi</strong></span> <span class='ocrx_word' id='word_1_100' title='bbox 840 1912 1026 1977; x_wconf 88' lang='lat' dir='ltr'><strong>orationem</strong></span> <span class='ocrx_word' id='word_1_101' title='bbox 1055 1912 1178 1977; x_wconf 89' lang='lat' dir='ltr'><strong>matris</strong></span> <span class='ocrx_word' id='word_1_102' title='bbox 1204 1909 1383 1999; x_wconf 79' lang='lat' dir='ltr'><strong>exceperint</strong></span> 
     </span>
     <span class='ocr_line' id='line_1_14' title="bbox 263 2020 1382 2112; baseline -0.004 -24"><span class='ocrx_word' id='word_1_103' title='bbox 263 2046 317 2091; x_wconf 83' lang='lat' dir='ltr'><strong>nv.</strong></span> <span class='ocrx_word' id='word_1_104' title='bbox 349 2026 449 2090; x_wconf 71' lang='lat' dir='ltr'><strong>tow</strong></span> <span class='ocrx_word' id='word_1_105' title='bbox 494 2023 624 2090; x_wconf 84' lang='lat' dir='ltr'><strong>Verum</strong></span> <span class='ocrx_word' id='word_1_106' title='bbox 652 2023 744 2088; x_wconf 90' lang='lat' dir='ltr'><strong>enim</strong></span> <span class='ocrx_word' id='word_1_107' title='bbox 775 2046 855 2090; x_wconf 88' lang='lat' dir='ltr'><strong>vem</strong></span> <span class='ocrx_word' id='word_1_108' title='bbox 881 2024 922 2089; x_wconf 88' lang='lat' dir='ltr'><strong>ad</strong></span> <span class='ocrx_word' id='word_1_109' title='bbox 951 2023 1016 2093; x_wconf 88' lang='lat' dir='ltr'><strong>hoo</strong></span> <span class='ocrx_word' id='word_1_110' title='bbox 1050 2026 1138 2112; x_wconf 92' lang='lat' dir='ltr'><strong>qnod</strong></span> <span class='ocrx_word' id='word_1_111' title='bbox 1168 2025 1306 2103; x_wconf 79' lang='lat' dir='ltr'><strong>attinet,</strong></span> <span class='ocrx_word' id='word_1_112' title='bbox 1333 2020 1382 2109; x_wconf 92' lang='lat' dir='ltr'><strong>qui</strong></span> 
     </span>
     <span class='ocr_line' id='line_1_15' title="bbox 262 2124 1381 2225; baseline -0.004 -21"><span class='ocrx_word' id='word_1_113' title='bbox 262 2160 295 2204; x_wconf 78' lang='lat' dir='ltr'><strong>v.</strong></span> <span class='ocrx_word' id='word_1_114' title='bbox 324 2138 401 2203; x_wconf 75' lang='lat'><strong>167.</strong></span> <span class='ocrx_word' id='word_1_115' title='bbox 426 2136 562 2202; x_wconf 88' lang='lat' dir='ltr'><strong>Titanes</strong></span> <span class='ocrx_word' id='word_1_116' title='bbox 589 2158 761 2225; x_wconf 84' lang='lat' dir='ltr'><strong>occupasse</strong></span> <span class='ocrx_word' id='word_1_117' title='bbox 782 2136 909 2202; x_wconf 88' lang='lat' dir='ltr'><strong>dieitur</strong></span> <span class='ocrx_word' id='word_1_118' title='bbox 936 2124 1028 2219; x_wconf 69' lang='grc' dir='ltr'><strong><em>δέος,</em></strong></span> <span class='ocrx_word' id='word_1_119' title='bbox 1050 2149 1164 2203; x_wconf 88' lang='lat' dir='ltr'><strong>metus</strong></span> <span class='ocrx_word' id='word_1_120' title='bbox 1189 2135 1260 2202; x_wconf 87' lang='lat' dir='ltr'><strong>fuit</strong></span> <span class='ocrx_word' id='word_1_121' title='bbox 1282 2154 1381 2223; x_wconf 78' lang='lat' dir='ltr'><strong>aggrt·</strong></span> 
     </span>
     <span class='ocr_line' id='line_1_16' title="bbox 260 2232 1439 2328; baseline -0.005 -13"><span class='ocrx_word' id='word_1_122' title='bbox 260 2250 376 2315; x_wconf 88' lang='lat' dir='ltr'><strong>diendi</strong></span> <span class='ocrx_word' id='word_1_123' title='bbox 400 2271 493 2328; x_wconf 89' lang='lat' dir='ltr'><strong>rem,</strong></span> <span class='ocrx_word' id='word_1_124' title='bbox 516 2271 585 2316; x_wconf 93' lang='lat' dir='ltr'><strong>non</strong></span> <span class='ocrx_word' id='word_1_125' title='bbox 607 2249 731 2314; x_wconf 90' lang='lat' dir='ltr'><strong>horror</strong></span> <span class='ocrx_word' id='word_1_126' title='bbox 753 2250 982 2314; x_wconf 84' lang='lat' dir='ltr'><strong>aversantium</strong></span> <span class='ocrx_word' id='word_1_127' title='bbox 1008 2248 1160 2328; x_wconf 86' lang='lat' dir='ltr'><strong>facinus,</strong></span> <span class='ocrx_word' id='word_1_128' title='bbox 1186 2249 1282 2314; x_wconf 86' lang='lat' dir='ltr'><strong>cuius</strong></span> <span class='ocrx_word' id='word_1_129' title='bbox 1305 2244 1381 2310; x_wconf 79' lang='lat' dir='ltr'><strong>lraud</strong></span> <span class='ocrx_word' id='word_1_130' title='bbox 1438 2232 1439 2295; x_wconf 67' lang='lat' dir='ltr'><strong>I</strong></span> 
     </span>
     <span class='ocr_line' id='line_1_17' title="bbox 260 2342 1439 2451; baseline -0.005 -24"><span class='ocrx_word' id='word_1_131' title='bbox 260 2362 362 2427; x_wconf 90' lang='lat' dir='ltr'><strong>dubie</strong></span> <span class='ocrx_word' id='word_1_132' title='bbox 380 2342 505 2427; x_wconf 81' lang='lat' dir='ltr'><strong>conscii</strong></span> <span class='ocrx_word' id='word_1_133' title='bbox 526 2350 667 2426; x_wconf 71' lang='lat' dir='ltr'><strong>fue&#39;mmt</strong></span> <span class='ocrx_word' id='word_1_134' title='bbox 685 2383 813 2439; x_wconf 87' lang='lat' dir='ltr'><strong>omnes,</strong></span> <span class='ocrx_word' id='word_1_135' title='bbox 828 2384 908 2441; x_wconf 90' lang='lat' dir='ltr'><strong>uno,</strong></span> <span class='ocrx_word' id='word_1_136' title='bbox 929 2362 958 2427; x_wconf 89' lang='lat' dir='ltr'><strong>si</strong></span> <span class='ocrx_word' id='word_1_137' title='bbox 975 2363 1225 2451; x_wconf 82' lang='lat' dir='ltr'><strong>Apollodorum</strong></span> <span class='ocrx_word' id='word_1_138' title='bbox 1247 2355 1379 2426; x_wconf 87' lang='lat' dir='ltr'><strong>audissl.</strong></span> <span class='ocrx_word' id='word_1_139' title='bbox 1438 2360 1439 2393; x_wconf 58' lang='lat'>¹</span> 
     </span>
     <span class='ocr_line' id='line_1_18' title="bbox 263 2468 1439 2562; baseline -0.004 -25"><span class='ocrx_word' id='word_1_140' title='bbox 263 2477 294 2541; x_wconf 87' lang='lat'><strong>1.</strong></span> <span class='ocrx_word' id='word_1_141' title='bbox 317 2475 359 2552; x_wconf 76' lang='lat' dir='ltr'><strong>t,</strong></span> <span class='ocrx_word' id='word_1_142' title='bbox 380 2497 450 2538; x_wconf 89' lang='lat' dir='ltr'><strong>non</strong></span> <span class='ocrx_word' id='word_1_143' title='bbox 468 2473 634 2562; x_wconf 86' lang='lat' dir='ltr'><strong>probante</strong></span> <span class='ocrx_word' id='word_1_144' title='bbox 652 2473 687 2537; x_wconf 94' lang='lat' dir='ltr'><strong>id</strong></span> <span class='ocrx_word' id='word_1_145' title='bbox 707 2471 849 2540; x_wconf 87' lang='lat' dir='ltr'><strong>Oceano.</strong></span> <span class='ocrx_word' id='word_1_146' title='bbox 872 2472 1228 2562; x_wconf 88' lang='lat' dir='ltr'><strong>Etymologiaautem,</strong></span> <span class='ocrx_word' id='word_1_147' title='bbox 1244 2468 1381 2561; x_wconf 76' lang='lat' dir='ltr'><strong>quamvis</strong></span> <span class='ocrx_word' id='word_1_148' title='bbox 1438 2504 1439 2557; x_wconf 55' lang='lat'>3</span> 
     </span>
     <span class='ocr_line' id='line_1_19' title="bbox 261 2575 1380 2673; baseline -0.009 -21"><span class='ocrx_word' id='word_1_149' title='bbox 261 2587 389 2673; x_wconf 83' lang='lat' dir='ltr'><strong>inepta,</strong></span> <span class='ocrx_word' id='word_1_150' title='bbox 413 2586 513 2650; x_wconf 90' lang='lat' dir='ltr'><strong>nullo</strong></span> <span class='ocrx_word' id='word_1_151' title='bbox 530 2584 603 2649; x_wconf 90' lang='lat' dir='ltr'><strong>inre</strong></span> <span class='ocrx_word' id='word_1_152' title='bbox 625 2583 680 2650; x_wconf 79' lang='lat' dir='ltr'><strong>hie</strong></span> <span class='ocrx_word' id='word_1_153' title='bbox 700 2584 817 2649; x_wconf 90' lang='lat' dir='ltr'><strong>haberi</strong></span> <span class='ocrx_word' id='word_1_154' title='bbox 841 2596 949 2673; x_wconf 85' lang='lat' dir='ltr'><strong>potest</strong></span> <span class='ocrx_word' id='word_1_155' title='bbox 966 2585 1133 2655; x_wconf 87' lang='lat' dir='ltr'><strong>iudicium</strong></span> <span class='ocrx_word' id='word_1_156' title='bbox 1156 2575 1297 2669; x_wconf 69' lang='lat' dir='ltr'><strong>sadrius,</strong></span> <span class='ocrx_word' id='word_1_157' title='bbox 1315 2601 1380 2647; x_wconf 86' lang='lat' dir='ltr'><strong>oum</strong></span> 
     </span>
     <span class='ocr_line' id='line_1_20' title="bbox 260 2692 1379 2787; baseline -0.005 -24"><span class='ocrx_word' id='word_1_158' title='bbox 260 2700 298 2769; x_wconf 89' lang='lat' dir='ltr'><strong>in</strong></span> <span class='ocrx_word' id='word_1_159' title='bbox 314 2697 397 2763; x_wconf 86' lang='lat' dir='ltr'><strong>talia</strong></span> <span class='ocrx_word' id='word_1_160' title='bbox 416 2699 531 2785; x_wconf 77' lang='lat' dir='ltr'><strong>politas</strong></span> <span class='ocrx_word' id='word_1_161' title='bbox 549 2707 674 2762; x_wconf 89' lang='lat' dir='ltr'><strong>veteres</strong></span> <span class='ocrx_word' id='word_1_162' title='bbox 694 2708 727 2760; x_wconf 89' lang='lat' dir='ltr'><strong>et</strong></span> <span class='ocrx_word' id='word_1_163' title='bbox 747 2695 917 2784; x_wconf 86' lang='lat' dir='ltr'><strong>inprimis</strong></span> <span class='ocrx_word' id='word_1_164' title='bbox 925 2697 1105 2763; x_wconf 85' lang='lat' dir='ltr'><strong>Hesiodum</strong></span> <span class='ocrx_word' id='word_1_165' title='bbox 1114 2700 1282 2787; x_wconf 81' lang='lat' dir='ltr'><strong>proclives</strong></span> <span class='ocrx_word' id='word_1_166' title='bbox 1294 2692 1379 2760; x_wconf 87' lang='lat' dir='ltr'><strong>fuisse</strong></span> 
     </span>
     <span class='ocr_line' id='line_1_21' title="bbox 261 2779 1438 2905; baseline -0.007 -28"><span class='ocrx_word' id='word_1_167' title='bbox 261 2833 342 2878; x_wconf 79' lang='lat' dir='ltr'><strong>vera</strong></span> <span class='ocrx_word' id='word_1_168' title='bbox 358 2811 404 2876; x_wconf 90' lang='lat' dir='ltr'><strong>sit</strong></span> <span class='ocrx_word' id='word_1_169' title='bbox 424 2779 610 2875; x_wconf 71' lang='lat' dir='ltr'><strong>observatio</strong></span> <span class='ocrx_word' id='word_1_170' title='bbox 635 2809 807 2876; x_wconf 85' lang='lat' dir='ltr'><strong>Eustathii</strong></span> <span class='ocrx_word' id='word_1_171' title='bbox 824 2812 865 2875; x_wconf 85' lang='lat' dir='ltr'><strong>ad</strong></span> <span class='ocrx_word' id='word_1_172' title='bbox 887 2810 929 2877; x_wconf 93' lang='lat' dir='ltr'><strong>ll.</strong></span> <span class='ocrx_word' id='word_1_173' title='bbox 947 2833 982 2899; x_wconf 90' lang='lat' dir='ltr'><strong>p.</strong></span> <span class='ocrx_word' id='word_1_174' title='bbox 1008 2814 1086 2879; x_wconf 83' lang='grc'><strong>650.</strong></span> <span class='ocrx_word' id='word_1_175' title='bbox 1107 2817 1150 2881; x_wconf 83' lang='grc'><strong>39</strong></span> <span class='ocrx_word' id='word_1_176' title='bbox 1171 2833 1256 2901; x_wconf 74' lang='lat' dir='ltr'><strong>seq.z</strong></span> <span class='ocrx_word' id='word_1_177' title='bbox 1275 2820 1308 2877; x_wconf 90' lang='lat' dir='ltr'><strong>et</strong></span> <span class='ocrx_word' id='word_1_178' title='bbox 1320 2814 1380 2872; x_wconf 87' lang='lat' dir='ltr'><strong>erat</strong></span> <span class='ocrx_word' id='word_1_179' title='bbox 1437 2886 1438 2905; x_wconf 16' lang='grc' dir='ltr'><strong>ἶ</strong></span> 
     </span>
     <span class='ocr_line' id='line_1_22' title="bbox 260 2916 1438 3014; baseline -0.006 -24"><span class='ocrx_word' id='word_1_180' title='bbox 260 2924 444 3014; x_wconf 85' lang='lat' dir='ltr'><strong>appellatio</strong></span> <span class='ocrx_word' id='word_1_181' title='bbox 466 2923 629 2989; x_wconf 82' lang='lat' dir='ltr'><strong>Titanum</strong></span> <span class='ocrx_word' id='word_1_182' title='bbox 649 2923 832 3001; x_wconf 88' lang='lat' dir='ltr'><strong>eiusmodi,</strong></span> <span class='ocrx_word' id='word_1_183' title='bbox 863 2936 902 2988; x_wconf 89' lang='lat' dir='ltr'><strong>ut</strong></span> <span class='ocrx_word' id='word_1_184' title='bbox 927 2925 1068 2992; x_wconf 86' lang='lat' dir='ltr'><strong>Hesiodo</strong></span> <span class='ocrx_word' id='word_1_185' title='bbox 1092 2925 1312 2992; x_wconf 78' lang='lat' dir='ltr'><strong>necessarium</strong></span> <span class='ocrx_word' id='word_1_186' title='bbox 1337 2917 1378 2983; x_wconf 84' lang='lat' dir='ltr'><strong>vi·</strong></span> <span class='ocrx_word' id='word_1_187' title='bbox 1437 2916 1438 2931; x_wconf 57' lang='lat'>¹</span> 
     </span>
     <span class='ocr_line' id='line_1_23' title="bbox 260 3036 1438 3127; baseline -0.004 -23"><span class='ocrx_word' id='word_1_188' title='bbox 260 3039 335 3104; x_wconf 89' lang='lat' dir='ltr'><strong>deri</strong></span> <span class='ocrx_word' id='word_1_189' title='bbox 358 3048 484 3127; x_wconf 88' lang='lat' dir='ltr'><strong>posset,</strong></span> <span class='ocrx_word' id='word_1_190' title='bbox 507 3037 579 3103; x_wconf 89' lang='lat' dir='ltr'><strong>eius</strong></span> <span class='ocrx_word' id='word_1_191' title='bbox 598 3036 750 3125; x_wconf 89' lang='lat' dir='ltr'><strong>aliquam</strong></span> <span class='ocrx_word' id='word_1_192' title='bbox 772 3037 903 3104; x_wconf 87' lang='lat' dir='ltr'><strong>tradere</strong></span> <span class='ocrx_word' id='word_1_193' title='bbox 923 3038 1108 3127; x_wconf 85' lang='lat' dir='ltr'><strong>originem,</strong></span> <span class='ocrx_word' id='word_1_194' title='bbox 1136 3037 1330 3127; x_wconf 85' lang='lat' dir='ltr'><strong>praesertim</strong></span> <span class='ocrx_word' id='word_1_195' title='bbox 1347 3039 1378 3093; x_wconf 79' lang='lat' dir='ltr'><strong>ul</strong></span> <span class='ocrx_word' id='word_1_196' title='bbox 1437 3038 1438 3111; x_wconf 55' lang='lat' dir='ltr'><strong>i</strong></span> 
     </span>
     <span class='ocr_line' id='line_1_24' title="bbox 262 3148 1378 3239; baseline -0.003 -22"><span class='ocrx_word' id='word_1_197' title='bbox 262 3153 451 3239; x_wconf 87' lang='lat' dir='ltr'><strong>adpareret,</strong></span> <span class='ocrx_word' id='word_1_198' title='bbox 480 3150 540 3238; x_wconf 91' lang='lat' dir='ltr'><strong>qui</strong></span> <span class='ocrx_word' id='word_1_199' title='bbox 559 3160 832 3216; x_wconf 85' lang='lat' dir='ltr'><strong>memorarentur</strong></span> <span class='ocrx_word' id='word_1_200' title='bbox 851 3148 944 3215; x_wconf 82' lang='lat' dir='ltr'><strong>infra</strong></span> <span class='ocrx_word' id='word_1_201' title='bbox 972 3152 1124 3231; x_wconf 77' lang='lat' dir='ltr'><strong>Titanes,</strong></span> <span class='ocrx_word' id='word_1_202' title='bbox 1154 3152 1305 3220; x_wconf 88' lang='lat' dir='ltr'><strong>Cronum</strong></span> <span class='ocrx_word' id='word_1_203' title='bbox 1324 3161 1378 3208; x_wconf 64' lang='lat' dir='ltr'><strong><em>w</em></strong></span> 
     </span>
     <span class='ocr_line' id='line_1_25' title="bbox 262 3246 1438 3351; baseline -0.01 -22"><span class='ocrx_word' id='word_1_204' title='bbox 262 3276 295 3329; x_wconf 88' lang='lat' dir='ltr'><strong>et</strong></span> <span class='ocrx_word' id='word_1_205' title='bbox 315 3262 452 3345; x_wconf 61' lang='lat' dir='ltr'><strong>fratrem</strong></span> <span class='ocrx_word' id='word_1_206' title='bbox 473 3285 534 3328; x_wconf 88' lang='lat' dir='ltr'><strong>nec</strong></span> <span class='ocrx_word' id='word_1_207' title='bbox 552 3263 666 3351; x_wconf 90' lang='lat' dir='ltr'><strong>potuit</strong></span> <span class='ocrx_word' id='word_1_208' title='bbox 690 3263 753 3328; x_wconf 88' lang='lat' dir='ltr'><strong>illa</strong></span> <span class='ocrx_word' id='word_1_209' title='bbox 767 3260 1002 3350; x_wconf 87' lang='lat' dir='ltr'><strong>adpellationis</strong></span> <span class='ocrx_word' id='word_1_210' title='bbox 1020 3286 1116 3329; x_wconf 86' lang='lat' dir='ltr'><strong>causa</strong></span> <span class='ocrx_word' id='word_1_211' title='bbox 1136 3263 1228 3329; x_wconf 80' lang='lat' dir='ltr'><strong>tradi</strong></span> <span class='ocrx_word' id='word_1_212' title='bbox 1243 3261 1307 3327; x_wconf 86' lang='lat' dir='ltr'><strong>uisi</strong></span> <span class='ocrx_word' id='word_1_213' title='bbox 1325 3257 1376 3320; x_wconf 82' lang='lat' dir='ltr'><strong>hoc</strong></span> <span class='ocrx_word' id='word_1_214' title='bbox 1437 3246 1438 3293; x_wconf 64' lang='lat'><em>³</em></span> 
     </span>
     <span class='ocr_line' id='line_1_26' title="bbox 262 3367 1378 3465; baseline -0.012 -22"><span class='ocrx_word' id='word_1_215' title='bbox 262 3378 346 3455; x_wconf 88' lang='lat' dir='ltr'><strong>loeo,</strong></span> <span class='ocrx_word' id='word_1_216' title='bbox 362 3386 438 3463; x_wconf 90' lang='lat' dir='ltr'><strong>post</strong></span> <span class='ocrx_word' id='word_1_217' title='bbox 455 3374 639 3441; x_wconf 88' lang='lat' dir='ltr'><strong>absolutam</strong></span> <span class='ocrx_word' id='word_1_218' title='bbox 655 3375 697 3440; x_wconf 88' lang='lat' dir='ltr'><strong>de</strong></span> <span class='ocrx_word' id='word_1_219' title='bbox 711 3376 852 3457; x_wconf 87' lang='lat' dir='ltr'><strong>Venere,</strong></span> <span class='ocrx_word' id='word_1_220' title='bbox 870 3398 914 3441; x_wconf 85' lang='lat' dir='ltr'><strong>ex</strong></span> <span class='ocrx_word' id='word_1_221' title='bbox 925 3375 1071 3441; x_wconf 84' lang='lat' dir='ltr'><strong>abscissis</strong></span> <span class='ocrx_word' id='word_1_222' title='bbox 1085 3376 1180 3444; x_wconf 88' lang='lat' dir='ltr'><strong>Coeli</strong></span> <span class='ocrx_word' id='word_1_223' title='bbox 1195 3367 1378 3465; x_wconf 83' lang='lat' dir='ltr'><strong>genitalibus</strong></span> 
     </span>
     <span class='ocr_line' id='line_1_27' title="bbox 264 3487 619 3567; baseline -0.008 -13"><span class='ocrx_word' id='word_1_224' title='bbox 264 3500 355 3567; x_wconf 87' lang='lat' dir='ltr'><strong>nata,</strong></span> <span class='ocrx_word' id='word_1_225' title='bbox 377 3487 619 3553; x_wconf 86' lang='lat' dir='ltr'><strong>narrationem.</strong></span> 
     </span>
    </p>

    <p class='ocr_par' dir='ltr' id='par_1_4' title="bbox 260 3588 1437 4030">
     <span class='ocr_line' id='line_1_28' title="bbox 306 3588 1372 3690; baseline -0.008 -22"><span class='ocrx_word' id='word_1_226' title='bbox 306 3601 504 3690; x_wconf 86' lang='lat' dir='ltr'><strong>Respioiunt</strong></span> <span class='ocrx_word' id='word_1_227' title='bbox 524 3599 612 3664; x_wconf 88' lang='lat' dir='ltr'><strong>hanc</strong></span> <span class='ocrx_word' id='word_1_228' title='bbox 631 3599 781 3665; x_wconf 88' lang='lat' dir='ltr'><strong>nominis</strong></span> <span class='ocrx_word' id='word_1_229' title='bbox 797 3602 960 3667; x_wconf 79' lang='lat' dir='ltr'><strong>Titanum</strong></span> <span class='ocrx_word' id='word_1_230' title='bbox 980 3602 1222 3690; x_wconf 81' lang='lat' dir='ltr'><strong>etymologiam</strong></span> <span class='ocrx_word' id='word_1_231' title='bbox 1237 3588 1372 3664; x_wconf 71' lang='lat' dir='ltr'><strong>Eustath·</strong></span> 
     </span>
     <span class='ocr_line' id='line_1_29' title="bbox 263 3709 1372 3806; baseline -0.016 -23"><span class='ocrx_word' id='word_1_232' title='bbox 263 3742 297 3806; x_wconf 91' lang='lat' dir='ltr'><strong>p.</strong></span> <span class='ocrx_word' id='word_1_233' title='bbox 318 3717 395 3783; x_wconf 83' lang='lat'><strong>712.</strong></span> <span class='ocrx_word' id='word_1_234' title='bbox 423 3716 482 3796; x_wconf 74' lang='lat'><strong>24;</strong></span> <span class='ocrx_word' id='word_1_235' title='bbox 507 3715 583 3780; x_wconf 66' lang='grc'><strong>840</strong></span> <span class='ocrx_word' id='word_1_236' title='bbox 605 3713 658 3778; x_wconf 80' lang='grc'><strong>46.</strong></span> <span class='ocrx_word' id='word_1_237' title='bbox 678 3712 799 3800; x_wconf 83' lang='lat' dir='ltr'><strong>(priori</strong></span> <span class='ocrx_word' id='word_1_238' title='bbox 820 3716 893 3780; x_wconf 92' lang='lat' dir='ltr'><strong>loco</strong></span> <span class='ocrx_word' id='word_1_239' title='bbox 909 3736 988 3780; x_wconf 90' lang='lat' dir='ltr'><strong>oum</strong></span> <span class='ocrx_word' id='word_1_240' title='bbox 1005 3715 1130 3781; x_wconf 83' lang='lat' dir='ltr'><strong>diserta</strong></span> <span class='ocrx_word' id='word_1_241' title='bbox 1146 3709 1277 3781; x_wconf 87' lang='lat' dir='ltr'><strong>Hesiodi</strong></span> <span class='ocrx_word' id='word_1_242' title='bbox 1292 3722 1372 3769; x_wconf 87' lang='lat' dir='ltr'><strong>men·</strong></span> 
     </span>
     <span class='ocr_line' id='line_1_30' title="bbox 264 3824 1437 3918; baseline 0 -24"><span class='ocrx_word' id='word_1_243' title='bbox 264 3828 388 3918; x_wconf 88' lang='lat' dir='ltr'><strong>tione);</strong></span> <span class='ocrx_word' id='word_1_244' title='bbox 411 3831 528 3916; x_wconf 87' lang='lat' dir='ltr'><strong>Etym.</strong></span> <span class='ocrx_word' id='word_1_245' title='bbox 550 3828 597 3894; x_wconf 89' lang='grc' dir='ltr'><strong>Μ.</strong></span> <span class='ocrx_word' id='word_1_246' title='bbox 622 3849 656 3914; x_wconf 89' lang='lat' dir='ltr'><strong>p.</strong></span> <span class='ocrx_word' id='word_1_247' title='bbox 676 3829 753 3893; x_wconf 81' lang='lat'><strong>760.</strong></span> <span class='ocrx_word' id='word_1_248' title='bbox 777 3830 829 3893; x_wconf 77' lang='lat'><strong>41.</strong></span> <span class='ocrx_word' id='word_1_249' title='bbox 856 3828 971 3915; x_wconf 87' lang='lat' dir='ltr'><strong>Etym.</strong></span> <span class='ocrx_word' id='word_1_250' title='bbox 996 3828 1085 3894; x_wconf 86' lang='lat' dir='ltr'><strong>Gud.</strong></span> <span class='ocrx_word' id='word_1_251' title='bbox 1107 3850 1142 3916; x_wconf 83' lang='lat' dir='ltr'><strong>p.</strong></span> <span class='ocrx_word' id='word_1_252' title='bbox 1165 3828 1239 3893; x_wconf 73' lang='grc'><strong>630.</strong></span> <span class='ocrx_word' id='word_1_253' title='bbox 1262 3824 1302 3887; x_wconf 83' lang='grc'><strong>33</strong></span> <span class='ocrx_word' id='word_1_254' title='bbox 1320 3831 1372 3894; x_wconf 58' lang='grc'><strong>560·</strong></span> <span class='ocrx_word' id='word_1_255' title='bbox 1436 3868 1437 3873; x_wconf 43' lang='lat'>1</span> 
     </span>
     <span class='ocr_line' id='line_1_31' title="bbox 260 3932 1437 4030; baseline -0.004 -20"><span class='ocrx_word' id='word_1_256' title='bbox 260 3943 363 4010; x_wconf 81' lang='lat' dir='ltr'><strong>Cous.</strong></span> <span class='ocrx_word' id='word_1_257' title='bbox 389 3943 597 4021; x_wconf 85' lang='lat' dir='ltr'><strong>Phavorinus</strong></span> <span class='ocrx_word' id='word_1_258' title='bbox 619 3964 652 4030; x_wconf 89' lang='lat' dir='ltr'><strong>p.</strong></span> <span class='ocrx_word' id='word_1_259' title='bbox 677 3943 774 4007; x_wconf 87' lang='grc'><strong>1760.</strong></span> <span class='ocrx_word' id='word_1_260' title='bbox 799 3943 854 4007; x_wconf 84' lang='lat'><strong>20.</strong></span> <span class='ocrx_word' id='word_1_261' title='bbox 873 3942 925 4006; x_wconf 83' lang='lat'><strong>21.</strong></span> <span class='ocrx_word' id='word_1_262' title='bbox 952 3945 994 4008; x_wconf 80' lang='lat'><strong>59</strong></span> <span class='ocrx_word' id='word_1_263' title='bbox 1012 3965 1099 4029; x_wconf 89' lang='lat' dir='ltr'><strong>seqq.</strong></span> <span class='ocrx_word' id='word_1_264' title='bbox 1436 3932 1437 3955; x_wconf 60' lang='lat'><em>³</em></span> 
     </span>
    </p>
   </div>
   <div class='ocr_carea' id='block_1_3' title="bbox 264 4146 1369 4369">
    <p class='ocr_par' dir='ltr' id='par_1_5' title="bbox 264 4146 1369 4369">
     <span class='ocr_line' id='line_1_32' title="bbox 308 4146 1369 4256; baseline -0.012 -23"><span class='ocrx_word' id='word_1_265' title='bbox 308 4193 341 4233; x_wconf 86' lang='lat' dir='ltr'><strong>v.</strong></span> <span class='ocrx_word' id='word_1_266' title='bbox 350 4171 415 4234; x_wconf 82' lang='grc'><strong>200</strong></span> <span class='ocrx_word' id='word_1_267' title='bbox 425 4160 626 4239; x_wconf 70' lang='grc' dir='ltr'><strong>τιταίνοντας</strong></span> <span class='ocrx_word' id='word_1_268' title='bbox 636 4166 821 4256; x_wconf 83' lang='lat' dir='ltr'><strong>Hesychius</strong></span> <span class='ocrx_word' id='word_1_269' title='bbox 830 4157 1131 4255; x_wconf 73' lang='lat' dir='ltr'><strong>exponitrmupim</strong></span> <span class='ocrx_word' id='word_1_270' title='bbox 1139 4146 1369 4248; x_wconf 58' lang='grc' dir='ltr'><strong>λαμβάνοντας,</strong></span> 
     </span>
     <span class='ocr_line' id='line_1_33' title="bbox 264 4252 1367 4369; baseline -0.012 -25"><span class='ocrx_word' id='word_1_271' title='bbox 264 4304 365 4369; x_wconf 84' lang='lat' dir='ltr'><strong>qnam</strong></span> <span class='ocrx_word' id='word_1_272' title='bbox 397 4281 656 4369; x_wconf 86' lang='lat' dir='ltr'><strong>explicationem</strong></span> <span class='ocrx_word' id='word_1_273' title='bbox 682 4278 782 4345; x_wconf 86' lang='lat' dir='ltr'><strong>habet</strong></span> <span class='ocrx_word' id='word_1_274' title='bbox 807 4278 907 4344; x_wconf 89' lang='lat' dir='ltr'><strong>etiam</strong></span> <span class='ocrx_word' id='word_1_275' title='bbox 936 4275 1151 4343; x_wconf 78' lang='lat' dir='ltr'><strong>scholiorum</strong></span> <span class='ocrx_word' id='word_1_276' title='bbox 1179 4275 1315 4338; x_wconf 83' lang='lat' dir='ltr'><strong>alterum</strong></span> <span class='ocrx_word' id='word_1_277' title='bbox 1334 4252 1367 4320; x_wconf 66' lang='lat' dir='ltr'><strong>td</strong></span> 
     </span>
    </p>
   </div>
   <div class='ocr_carea' id='block_1_4' title="bbox 0 0 1488 5209">
    <p class='ocr_par' dir='ltr' id='par_1_6' title="bbox 0 0 1488 5209">
     <span class='ocr_line' id='line_1_34' title="bbox 0 0 1488 5209; baseline 0 1"><span class='ocrx_word' id='word_1_278' title='bbox 0 0 1488 5209; x_wconf 95' lang='lat' dir='ltr'><strong> </strong></span> 
     </span>
    </p>
   </div>
  </div>
 </body>
</html>
