2967 5209
508 538 540 582 ru
564 536 687 586 uusroor
711 536 924 585 ruuoaonur.
1196 515 1269 590 383

148 712 279 778 siodum
309 712 432 799 scripta
465 733 530 776 ease
563 711 730 776 videntur.
789 710 967 776 Rationem
994 713 1113 779 iudicii
1135 700 1269 783 reddere

150 825 312 912 neglexit3
339 845 399 888 neo
423 823 560 887 veroin
585 843 622 887 eo
644 822 722 889 satis
745 823 814 910 ipse
832 822 897 888 sibi
911 836 1049 892 constat.
1074 826 1160 894 Vide
1174 829 1269 894 enim

149 959 230 1023 quae
250 936 383 1003 notavit
405 935 447 999 ad
474 958 506 999 v.
532 935 607 1000 986.
634 936 730 1000 1015.

192 1049 350 1116 Ceterum
379 1046 502 1115 habere
530 1070 590 1113 nos
617 1047 673 1113 hic
705 1048 870 1113 diversis
896 1046 1087 1136 Theogonia
1110 1053 1271 1118 carminis

145 1162 289 1227 initium
309 1159 409 1227 facile
429 1160 635 1226 adsentimur
653 1160 805 1240 Wolfio,
825 1161 958 1241 Vossi0‚
986 1161 1159 1243 Cremera),
1182 1165 1270 1232 Her.

145 1294 285 1351 manno,
307 1272 515 1340 Muetaellicz
539 1285 575 1338 at
597 1295 665 1337 non
689 1273 772 1338 item
792 1258 934 1353 Wolfio,
955 1275 1093 1343 lacinias
1111 1279 1269 1364 quasdam

147 1385 301 1474 Catalogi
318 1386 469 1453 Hesiodei
489 1384 632 1451 fortuito
646 1384 684 1450 in
699 1385 791 1451 huno
806 1386 919 1452 locum
936 1398 1158 1475 comportatas
1170 1387 1270 1454 fuisse

146 1499 377 1577 contendenti,
400 1516 467 1563 nun
490 1497 605 1567 vossio
627 1497 727 1586 (Epp.
747 1497 858 1584 Myth.
883 1497 909 1565 L
929 1520 969 1586 p·
990 1497 1077 1586 103.)
1104 1511 1137 1564 et
1162 1499 1269 1567 Creu·

147 1626 226 1676 sero
248 1610 325 1699 (Ep.
350 1610 390 1675 ad
413 1609 527 1676 Herm.
543 1632 579 1697 p.
598 1606 700 1697 228.),
726 1609 890 1675 Eoearum
910 1633 971 1675 nos
990 1610 1046 1696 hle
1060 1611 1269 1700 principium

147 1723 269 1789 babere
292 1724 470 1790 arbitratio.
518 1721 685 1791 Convenit
707 1720 804 1786 nobis
827 1721 940 1809 potius
971 1744 1049 1786 cunt
1078 1722 1269 1789 Muetzellio

145 1860 181 1926 p.
206 1840 305 1916 toa,
336 1838 504 1905 diversam
535 1836 623 1901 hunc
655 1833 892 1923 heroogoniam
918 1831 1019 1899 fuine
1042 1858 1061 1899 a
1085 1834 1268 1924 Catalogis,

144 1950 298 2036 quamvis
321 1948 352 2013 ei
378 1947 552 2035 subnexis,
576 1946 741 2014 diversam
759 1946 842 2010 item
863 1946 905 2010 ab
931 1946 1036 2013 Eoeis.
1084 1950 1175 2014 Dicit
1189 1948 1270 2014 Pro·

143 2063 216 2126 olus
241 2060 278 2126 in
298 2059 406 2126 Praef.
427 2060 469 2125 ad
481 2042 599 2149 Ἔργα,
623 2080 705 2147 opus
723 2058 813 2123 illud
836 2053 1066 2147 καινουργῆσαι
1083 2050 1268 2150 (Ἡσίοδον)
1324 2070 1328 2076 ’

144 2161 237 2259 uerit
261 2163 316 2253 rio
339 2162 466 2260 ἡρωϊκὴν
490 2163 718 2261 γενεαλογίαν,
743 2163 801 2234 καὶ
824 2159 904 2240 τοὺς
926 2161 1147 2261 καταλόγους.
1203 2176 1269 2240 Ita·

140 2308 208 2371 que
229 2287 291 2352 ille
310 2298 344 2352 et
361 2285 511 2351 carmina
529 2286 609 2352 haec
631 2285 761 2350 diversa
775 2285 816 2350 ab
835 2307 870 2351 se
884 2274 1030 2350 invicem
1052 2297 1085 2349 et
1098 2285 1269 2374 Catalogos

144 2397 365 2487 heroogoniae
394 2397 555 2463 uibieotoe
583 2397 690 2465 novit.
748 2395 983 2486 catalogorum
1013 2409 1124 2462 autem
1155 2399 1269 2486 plures

144 2521 240 2577 erant
261 2510 353 2576 libri.
403 2509 602 2577 Citantura
630 2508 807 2578 Veteribus
828 2510 920 2575 varia
945 2530 989 2575 ex
1016 2510 1128 2598 primo
1157 2521 1191 2575 et
1219 2533 1268 2575 se·

144 2625 253 2690 cundo
273 2600 431 2711 catalogo
453 2620 661 2711 fragmenta:
684 2622 903 2710 quamobrem
924 2646 993 2688 non
1007 2629 1097 2688 recte
1113 2622 1269 2689 Muetzel·

145 2738 214 2802 lius
233 2759 268 2824 p.
291 2737 369 2803 504.
400 2736 500 2802 Eooas
521 2722 599 2798 aar?
620 2721 746 2824 ἐξοχὴν
772 2735 917 2824 Catulogt
943 2748 1054 2802 nactas
1078 2736 1268 2823 inscriptio·

146 2870 226 2913 nem
244 2857 365 2912 ueneat.
399 2845 492 2913 Scuu·
509 2846 660 2926 initium,
677 2847 765 2934 quod
780 2847 871 2912 haud
891 2847 992 2913 dubie
1012 2849 1176 2913 Eoearum
1191 2870 1268 2934 pars

145 2957 233 3038 fuit,
256 2945 290 3023 ἓν
311 2948 359 3046 τῷ
380 2946 402 3024 d
421 2950 600 3049 muldyqt
623 2958 734 3037 luisse,
757 2982 801 3024 ex
821 2957 956 3025 Scholio
976 2959 1101 3025 Aldino
1126 2960 1166 3024 ad
1186 2958 1266 3024 Scu-

143 3084 222 3137 tum
242 3083 381 3138 constat.
426 3073 532 3139 Erant
551 3073 657 3160 igitur
678 3073 783 3137 Eoeae
803 3082 917 3136 nactae
935 3093 1005 3136 non
1024 3070 1150 3136 eximie
1169 3070 1268 3138 Cata·

143 3185 213 3273 logi
234 3185 508 3273 inscriptionem,
528 3185 583 3249 sed
607 3183 823 3271 quantumin
844 3181 1008 3271 Catalogis
1030 3183 1163 3261 locum,
1189 3183 1268 3248 satis

4 3353 5 3370 2
143 3299 242 3385 longe
268 3298 372 3362 illmn
402 3296 444 3362 ab
471 3295 673 3384 beroogonia
704 3309 892 3374 remotum,
922 3318 1023 3382 quam
1058 3295 1267 3383 Theogoniae

4 3445 5 3450 ν
144 3409 302 3499 proxime
325 3410 506 3474 subiectam
527 3411 655 3474 novisse
679 3410 782 3488 etiam
805 3409 970 3474 Lucienus
995 3408 1139 3486 videtur,
1155 3409 1268 3474 dicens

3 3571 6 3610 3
143 3522 244 3588 Rbet.
263 3516 371 3588 Praeo.
392 3545 421 3588 c.
445 3522 476 3587 4.
499 3510 648 3593 ‘Hs-totae
665 3518 715 3567 ’-
735 3505 792 3609 ᾖδε
815 3511 890 3588 θεῶν
914 3514 970 3586 καὶ
992 3508 1094 3608 ἡρώων
1116 3517 1204 3609 γένη.

186 3770 242 3814 uv.
276 3749 461 3816 aot-974.
499 3749 646 3816 Venusto
676 3749 800 3837 mytho
832 3748 929 3814 Ceres
962 3757 1037 3834 post
1068 3747 1265 3834 coniugium

141 3882 221 3926 cum
255 3861 339 3926 Iasio
369 3861 407 3926 iu
438 3859 561 3926 fertilis
594 3860 711 3928 Cretae
748 3884 826 3949 agro
857 3860 992 3925 tertiato
1025 3856 1138 3949 (Cous.
1168 3839 1265 3945 Ἕργ.

144 3971 368 4061 tto-tou),
399 3974 561 4062 peperisse
591 3974 738 4040 traditur
766 3974 915 4040 Plutum.
943 3971 1042 4039 Conf.
1071 3971 1168 4037 Diod.
1197 3968 1261 4037 sio.

142 4088 184 4155 V.
221 4090 273 4152 77.
333 4086 430 4151 Hunc
461 4086 625 4173 mythum
652 4087 815 4151 Homerus
849 4084 994 4152 referens
1022 4084 1085 4151 Od.
1119 4086 1157 4150 Ε.
1188 4084 1262 4151 125.

141 4202 280 4287 insuper
311 4199 475 4264 Iasionem
503 4199 546 4264 ob
576 4199 679 4264 illum
711 4222 788 4263 cum
825 4198 943 4265 Cerere
974 4198 1188 4264 concubitum
1223 4196 1264 4260 ab

141 4313 220 4378 love
250 4309 398 4377 fulmine
426 4332 616 4398 percussum
647 4323 771 4377 narrat.
829 4311 952 4376 Neuter
973 4313 1072 4399 pobta
1094 4310 1171 4375 Iasii
1194 4310 1263 4373 sive
