2967 5209
268 475 338 564 194
706 496 944 547 cosumrsaus
1456 516 1457 523 1

265 672 352 739 unde
378 670 487 738 videri
510 669 614 759 possit
639 669 678 735 in
702 669 827 735 Achaia
854 668 1005 734 maxime
1029 676 1157 732 servata
1184 689 1227 732 ex
1247 666 1389 754 antiqua

263 766 436 873 religione
449 782 551 849 fuisse
573 782 675 848 huius
692 783 755 849 Dei
768 783 942 848 memoria.
989 781 1147 849 Ceterum
1168 802 1274 866 neque
1295 780 1390 845 hunc
1456 768 1457 819 3

263 898 426 963 Homerus
445 896 665 975 memoravit,
689 917 795 983 neque
817 894 954 962 Coeum.
985 885 1151 982 ‘Turpione
1173 907 1284 960 autem
1302 893 1392 960 Solis

263 1011 449 1098 antiquitus
471 1031 596 1075 nomen
611 1007 713 1073 fuisse
734 988 881 1096 arguunt
895 1008 962 1074 looi
981 1007 1129 1087 Homeri,
1148 1007 1319 1094 inquibus
1334 1007 1392 1073 vel

263 1109 442 1209 Ὑπερίονος
461 1112 598 1188 Ἠελίοιο
621 1121 749 1186 mentio
772 1122 828 1200 fit,
860 1122 915 1187 vel
932 1119 995 1187 'Sol
1018 1144 1058 1186 eo
1079 1121 1217 1186 nomine
1238 1122 1390 1209 designa-

262 1246 330 1313 tur,
358 1235 400 1299 Il.
425 1234 468 1300 Θ.
494 1236 569 1301 480.
595 1234 635 1298 Τ.
660 1237 735 1301 898.
759 1233 822 1301 011.
845 1235 884 1301 Α.
908 1238 940 1301 8.
961 1236 1015 1301 24.
1037 1233 1083 1300 Μ.
1107 1237 1186 1314 133,
1211 1236 1287 1312 263,
1312 1234 1390 1311 346,

265 1348 340 1414 374.
363 1345 405 1413 11.
430 1347 469 1413 in
489 1330 553 1437 Ai·
581 1350 657 1414 sss.
684 1348 750 1415 ,At
774 1348 815 1414 H.
837 1349 875 1413 in
895 1347 968 1415 car.
989 1351 1043 1415 rs.
1068 1360 1115 1414 est
1133 1347 1190 1414 su
1210 1338 1392 1433 ‘saepiam

263 1449 394 1548 tyanae
418 1450 507 1543 vids,
529 1474 569 1527 ut
592 1461 654 1537 Od.
677 1462 724 1541 Μ.
750 1465 823 1528 176.
848 1449 1070 1549 Ὑπεριονίδης·
1107 1459 1200 1527 Coeli
1221 1472 1253 1525 et
1267 1460 1392 1525 Terrae

261 1571 354 1638 filius
374 1565 522 1660 ‘Turpio
544 1576 669 1640 dicitur
691 1576 794 1642 etiam
813 1575 854 1640 H.
874 1576 912 1641 in
931 1573 999 1641 Sol.
1024 1577 1054 1640 4.
1091 1560 1241 1641 ’lastras
1263 1595 1391 1638 nomen

153 1702 159 1714 ’
259 1706 303 1750 ex
328 1684 467 1752 Oriente
491 1688 529 1752 in
556 1686 729 1753 Graeciam
747 1688 841 1753 venit
857 1709 917 1775 per
935 1687 1005 1753 eius
1022 1698 1178 1777 posteros,
1199 1685 1392 1751 Hellenicae

260 1796 376 1886 stirpis
401 1797 572 1877 homines,
599 1822 678 1864 cum
697 1801 769 1889 ipse
784 1801 903 1866 Hellen
919 1801 1024 1891 Iapeti
1045 1823 1209 1891 pronepos
1229 1798 1389 1866 ferretur.

261 1910 416 1998 Iapetum
435 1932 544 1977 unum
572 1934 616 1977 ex
639 1912 818 1979 Titanibus
836 1913 957 1979 habuit
982 1915 1083 1979 etiam
1105 1913 1286 1991 Homerus,
1311 1933 1391 1976 eum

259 2045 338 2087 oum
364 2022 475 2089 Crono
497 2023 667 2089 inclusum
686 2025 828 2090 Tartaro
848 2047 1038 2091 memorans
1061 2027 1102 2092 Il.
1127 2026 1170 2093 Θ.
1195 2028 1270 2093 478.
1307 2016 1392 2091 Deio

259 2136 330 2199 Dea
351 2157 413 2224 per
436 2135 672 2202 excellentiam
693 2136 750 2202 sic=
762 2137 870 2217 diota,
900 2160 977 2203 cum
995 2150 1036 2202 ut
1056 2139 1142 2205 lucis
1162 2140 1229 2204 Dea
1244 2138 1390 2203 celebre·

259 2260 318 2312 tur
336 2271 356 2312 a
373 2248 515 2314 Pindaro
540 2248 658 2315 Isthm.
683 2248 741 2316 lv.
767 2252 797 2317 1.
820 2251 969 2315 carmine
988 2252 1026 2315 in
1048 2251 1197 2315 hominis
1211 2249 1390 2337 Aeginetae

258 2361 404 2441 laudem,
421 2362 529 2429 rideri
545 2374 653 2449 potest
668 2362 847 2449 antiquum
860 2363 948 2449 apud
963 2362 1137 2450 Aeginetas
1148 2384 1276 2429 numen
1286 2362 1390 2430 fuisse

258 2475 391 2545 cultum
411 2474 546 2537 nautico
568 2474 707 2561 populo,
730 2484 771 2537 ut
791 2474 1010 2540 Phoenicibus
1020 2476 1086 2540 Dea
1096 2474 1264 2543 Coelestis.
1286 2476 1385 2545 Conf.

260 2585 460 2655 Welckerus
480 2586 566 2673 apud
586 2584 727 2652 Boeckh.
745 2585 783 2649 in
804 2586 964 2674 explicat.
985 2588 1026 2652 ad
1047 2588 1166 2653 Isthm.
1183 2591 1209 2655 1.
1219 2613 1248 2658 c.
1261 2612 1298 2679 p.
1311 2593 1385 2657 512.

258 2689 358 2762 ‘Peius‘
379 2719 506 2765 vocasse
530 2698 689 2765 videntur
712 2699 785 2764 vim
805 2712 945 2766 naturae
971 2699 1069 2768 facile
1092 2703 1333 2791 producentem
1355 2715 1388 2769 et

260 2810 409 2877 ubertim
433 2813 527 2898 quasi
546 2810 788 2877 adfundentem
810 2812 936 2879 omnia.
983 2813 1171 2902 Antiquam
1192 2816 1285 2882 Rhea
1309 2837 1385 2881 oum

260 2922 372 2990 Crono
397 2925 567 3012 templum
587 2923 709 2988 habuit
728 2922 880 2993 Athenis.
903 2924 982 2993 Vid.
1005 2924 1141 2995 Pausan.
1161 2927 1187 2994 Ι.
1204 2930 1256 2993 18.
1303 2913 1385 2994 Eam

259 3036 436 3125 aliquoties
467 3047 634 3102 memorat
665 3035 847 3125 Homerus,
882 3039 971 3125 apud
1005 3061 1106 3125 quem
1130 3040 1259 3102 mentio
1284 3039 1385 3104 etiam

259 3148 435 3215 Themidis
452 3148 493 3213 fit
515 3149 556 3213 Il.
579 3146 621 3214 O.
642 3151 684 3212 87
709 3159 742 3213 et
763 3169 863 3235 seqq„
888 3161 922 3214 et
941 3150 1085 3215 notabili
1104 3151 1177 3216 loeo
1197 3150 1259 3218 Od.
1283 3151 1321 3218 Β.
1345 3155 1384 3218 68

259 3284 325 3349 seq.
370 3259 478 3326 Huius
499 3258 670 3348 Legiferae
697 3261 784 3326 Deae
806 3273 900 3327 vetus
919 3258 987 3327 fuit
1013 3262 1134 3351 religio
1158 3274 1192 3329 et
1212 3265 1386 3329 oraculum

260 3372 412 3461 Delphis.
442 3372 521 3442 Vid.
539 3374 704 3461 Apsum.
727 3374 754 3439 I.
784 3373 841 3443 IV.
866 3378 894 3440 1.
921 3374 1058 3442 Pausan.
1083 3376 1124 3441 X.
1147 3381 1183 3442 6:
1223 3375 1387 3445 Memorat

260 3486 353 3552 idem
369 3484 545 3551 Pausanias
568 3485 627 3552 IX.
647 3487 701 3552 25.
722 3487 891 3575 templum
912 3498 945 3551 et
961 3488 1096 3575 signum
1116 3490 1186 3555 eius
1201 3489 1337 3570 Thebis,
1356 3500 1387 3556 et

259 3598 302 3667 V.
323 3598 376 3665 14.
400 3619 494 3663 aram
509 3597 657 3663 eiusdem
677 3597 869 3688 Olympiae.
899 3596 1112 3685 Μνημοσύνης
1133 3615 1174 3667 ut
1197 3603 1387 3692 antiquissi-

260 3735 336 3781 mae
355 3714 441 3780 Deae
462 3714 590 3779 mentio
605 3713 654 3805 ‘fit
674 3712 716 3779 H.
734 3712 833 3780 Hom.
852 3714 891 3780 in
912 3714 1012 3782 Mero.
1027 3717 1102 3783 428.
1122 3716 1303 3785 Eleuthere
1317 3720 1386 3785 oul-

215 3890 219 3920 .
260 3840 333 3893 tam
357 3825 506 3893 vidimus
524 3848 625 3916 supra
644 3848 678 3893 v.
701 3828 755 3893 64.
787 3816 891 3913 Φοὶβη
911 3849 1036 3894 nornen
1055 3828 1157 3897 fuisse
1176 3831 1314 3897 videtur
1330 3854 1388 3897 an·

261 3939 547 4026 tiquumLunae‚
574 3950 616 4004 ut
635 3928 756 4025 Φσῖβος
782 3936 879 4005 Solis.
905 3941 963 4006 Est
981 3942 1096 4028 utique
1118 3965 1243 4011 nomen
1259 3945 1295 4010 id
1317 3908 1389 4010 Li-

261 4074 325 4118 nse
345 4051 500 4141 hequem
521 4052 611 4142 apud
631 4051 768 4131 Latinos
787 4054 917 4140 poitas,
939 4051 1059 4139 quibus
1074 4051 1278 4135 Graeoorum
1288 4079 1388 4144 quos·

262 4166 341 4232 dam
376 4164 415 4232 in
452 4188 490 4232 eo
522 4162 700 4255 praeivisse
730 4187 809 4231 vero
837 4165 949 4239 simile
977 4176 1040 4244 est,
1065 4164 1264 4254 videturque
1287 4167 1388 4234 inas

262 4281 410 4347 «velastis
429 4302 465 4345 ae
487 4279 647 4347 luciferae
669 4281 754 4346 Deae
767 4281 931 4349 virtutem
945 4280 1015 4368 ipse
1033 4282 1203 4367 agnovisse
1217 4282 1384 4359 Hesiodus,

1456 4766 1457 4827 l
