2967 5209
261 457 333 535 208
699 489 939 536 conummnvs

302 684 335 729 v.
358 662 421 727 168
440 659 533 749 seqq.
551 660 648 747 Quod
672 665 774 730 ceteri
798 664 979 743 Vranidae,
1001 665 1155 751 quamvis
1178 668 1308 755 magnis
1329 671 1379 736 vi·

257 774 350 839 ribus
376 773 536 862 praediti,
568 775 731 863 suscipere
750 777 788 842 in
810 799 844 842 se
863 800 935 842 non
952 778 1091 856 audent,
1116 769 1226 866 Κρόνος
1249 781 1378 865 effectu

255 910 335 953 rum
354 911 386 954 se
405 888 597 976 promittit,
622 900 721 976 atque
743 891 824 955 adeo
840 889 950 958 efficit.
995 890 1032 957 Si
1056 893 1244 970 statuimus,
1267 894 1379 965 Crono

255 1013 387 1090 tempus
408 1000 606 1088 significari,
632 1000 731 1067 facile
750 1000 993 1091 intelligimus,
1024 1024 1084 1069 cur
1107 1006 1163 1071 illi
1184 1007 1316 1094 primae
1342 1009 1379 1072 in
1453 1020 1454 1053 f

254 1115 319 1179 hoc
342 1115 466 1203 mytho
498 1126 607 1202 partes
636 1113 842 1181 tribuantur.
889 1114 1041 1194 Scilicet,
1073 1112 1268 1183 commixtis
1290 1120 1380 1185 inter

253 1249 287 1292 se
308 1225 409 1293 Coelo
426 1227 611 1313 Terraque,
635 1249 775 1315 magnae
788 1228 923 1315 quidem
938 1229 1025 1296 vires
1042 1224 1274 1311 movebantur,
1287 1235 1378 1299 mul-

252 1351 369 1425 taeque
384 1351 417 1404 et
437 1352 547 1405 vastae
565 1361 681 1404 rerum
703 1339 891 1405 existebant
910 1340 1055 1409 formae:
1079 1342 1133 1407 sed
1153 1355 1249 1408 erant
1263 1347 1377 1411 omnia

252 1454 443 1532 incondita,
467 1453 621 1533 confusa,
644 1455 815 1542 indigesta.
842 1454 998 1521 Attamen
1013 1456 1204 1543 aliquando,
1227 1470 1375 1546 tempore,

166 1654 168 1661 γ
252 1568 356 1633 finem
386 1570 511 1657 accepit
539 1568 595 1633 hto
620 1581 740 1648 status,
773 1568 958 1634 diremtum
990 1582 1038 1635 est
1069 1570 1162 1638 Coeli
1192 1573 1377 1662 Terraeque

251 1682 477 1761 connubium,
500 1683 630 1748 ademta
652 1681 753 1747 Coelo
773 1704 875 1747 novas
896 1680 1021 1746 formas
1038 1682 1196 1770 gignendi
1212 1695 1373 1770 potestas3

250 1795 364 1881 itaque
388 1806 540 1860 constans
563 1807 597 1858 et
621 1794 750 1859 stabilis
770 1792 869 1860 facies
891 1816 1007 1859 rerum
1034 1817 1099 1860 esse
1122 1796 1249 1882 coepit,
1275 1798 1376 1884 inque

233 1909 235 1915 ’
250 1930 302 1972 res
310 1930 363 1972 eas
373 1930 515 1996 regnum
530 1907 611 1971 hinc
629 1906 761 1971 exstitit
783 1896 897 1993 Κρόνον
921 1915 1079 1994 temporis,
1094 1907 1163 1974 sive
1173 1907 1234 1972 Dei
1250 1919 1376 1997 tempo·

250 2042 288 2085 re
315 2030 434 2085 cuncta
462 2018 680 2108 perficientis,
711 2017 799 2082 natis
827 2031 901 2082 tum
930 2019 1066 2084 demum
1091 2020 1193 2084 etiam
1215 2011 1317 2110 ‘Hlu'qi
1340 2043 1375 2085 ac

250 2121 381 2221 Σελήνῃ.

163 2414 168 2435 .
295 2381 328 2427 v.
351 2360 425 2424 171.
450 2345 642 2439 δυσωνύμου
665 2365 758 2420 invni
779 2366 928 2438 nomme,
956 2357 1168 2424 abominandi.
1206 2355 1260 2422 Sic
1277 2358 1318 2424 ll.
1338 2358 1370 2422 Z.

251 2473 327 2537 255.
352 2457 533 2553 δυσώνυμον
556 2453 621 2538 υἷες
644 2460 796 2558 Ἀχννίων
820 2469 862 2533 Il.
886 2470 931 2534 M.
960 2472 1033 2534 116.
1057 2456 1371 2555 Μνῖρννδνσῶννρινς.

250 2584 314 2652 Od.
340 2584 378 2648 T.
405 2586 480 2647 571.
514 2568 701 2663 δυσώνυμος
724 2568 826 2663 'Heln
860 2584 900 2647 de
922 2583 1042 2667 quibus
1064 2604 1160 2669 agens
1179 2583 1372 2648 Eustathius

250 2698 292 2762 ad
310 2697 353 2761 ss.
379 2719 413 2784 p.
438 2695 515 2760 640.
538 2695 597 2773 3l;
622 2697 699 2759 895.
722 2695 775 2761 40.
799 2696 840 2759 ad
863 2694 926 2760 Od.
949 2718 994 2783 p,
1013 2697 1107 2760 1878.
1134 2694 1187 2759 48.
1210 2684 1370 2781 ἑρμηνεύε-

249 2796 326 2874 σθαι
348 2819 456 2873 censet
478 2794 536 2873 bb
559 2804 617 2870 τοῦ
643 2800 715 2870 οὐκ
736 2798 974 2891 ὀνομαστὸς
1002 2800 1080 2894 παρ’
1105 2794 1249 2895 Ὁμήρῳ.
1275 2805 1369 2873 Conf.

249 2942 350 3013 supra
371 2943 404 2986 v.
431 2921 505 2986 148.
920 2904 928 2920 ’

292 3147 418 3214 v.174.
442 3132 565 3225 ἐνέθηκε
587 3132 626 3212 n
652 3137 742 3236 χειρὶ
763 3132 867 3233 ilpunc
887 3132 1148 3234 καρχαρόδοντα.
1173 3145 1278 3210 Terra
1291 3143 1370 3211 falce

249 3259 323 3324 filio
352 3258 476 3323 tradita
494 3258 598 3323 simul
623 3282 702 3324 eum
718 3260 870 3326 ,docuisse
889 3259 1048 3324 censenda
1067 3260 1138 3337 est}
1160 3259 1242 3346 quid
1264 3258 1302 3324 ed
1324 3257 1371 3323 fa·

234 3394 320 3437 vcere
339 3372 451 3459 ipsum
473 3372 587 3437 vellet.
634 3360 903 3462 Καρχννρόὸνντνν
916 3372 1069 3437 dentibus
1083 3394 1232 3459 asperam
1246 3372 1285 3436 in
1302 3394 1370 3435 mo·

248 3489 332 3555 dum
352 3507 459 3551 serrae
473 3484 595 3550 falcem
614 3484 852 3566 fabricaverat,
877 3508 944 3574 quo
963 3487 1095 3551 firmius
1115 3487 1229 3551 statim
1246 3486 1371 3575 impin·

248 3611 382 3691 geretur
403 3599 614 3688 genitalibus.
1294 3614 1297 3618 ’

293 3851 326 3894 v.
353 3829 426 3892 176.
454 3810 557 3890 Ἦλθε
575 3810 611 3889 δὲ
632 3814 740 3890 Νύκτ’
764 3811 899 3915 ἐπάγων
914 3818 1032 3915 ,μέγας
1056 3813 1213 3912 Οὐρανός)
1256 3786 1383 3890 Sensus

248 3952 313 4007 est:
348 3930 488 4027 Οὐρανὸς
518 3939 640 4004 Terrae
667 3938 884 4005 concubitum
913 3952 1070 4028 appetens
1097 3940 1138 4003 ad
1174 3958 1246 4004 eam
1281 3937 1373 4004 venit

247 4064 368 4119 noctu:
401 4052 457 4116 sed
485 4052 550 4116 hoc
579 4051 709 4140 po'etice
739 4050 895 4116 effertur:
917 4053 1031 4116 'Venit
1061 4041 1204 4139 otpavtc
1238 4051 1370 4116 Noctem

248 4163 437 4254 (personam
459 4162 640 4254 intelligas)
663 4187 769 4227 cecum
791 4163 962 4229 adducens·

292 4276 450 4343 Hesiodea
480 4277 560 4342 haec
590 4276 726 4365 respicit
756 4276 951 4342 Eustathius
974 4277 1010 4341 in
1036 4273 1186 4367 Epistola
1211 4273 1369 4363 Dionysio
