2967 5209
248 488 321 583 3811
671 548 674 554 .
691 514 930 562 tonsuramus

250 686 321 764 tbi,
345 686 412 750 iam
436 708 504 750 nou
528 684 718 772 allegorica,
742 683 796 747 sod
814 682 952 772 propria
967 681 1375 774 significationeaoceptis,

249 796 371 876 flatu,
394 797 485 885 quoa
506 796 698 883 deglutiisse
718 795 827 861 neuin
850 794 978 882 tupiter
999 817 1032 861 v.
1056 798 1122 862 ass
1144 818 1209 884 seq.
1232 797 1374 876 ascitur,
1451 774 1452 825 ³

249 895 336 997 δόλῳ
368 900 488 997 <patrae
520 895 737 989 ἓξασατῆσασ
769 893 952 992 αἱμυλίοισι
985 898 1142 996 λόγοισιν.
1193 909 1377 975 Traditum

249 1021 475 1098 antemittit,
507 1032 547 1085 ut
575 1044 620 1086 ex
641 1021 847 1109 Apollodoro
874 1032 908 1085 et
934 1018 1078 1085 Scholiis
1099 1022 1140 1086 ad
1162 1020 1198 1087 h.
1223 1023 1249 1088 1.
1273 1022 1376 1088 disci-

249 1157 344 1212 mus,
367 1133 513 1221 potuisse
539 1131 645 1199 Metin
669 1133 780 1200 varias
799 1131 925 1200 formas
943 1132 1100 1212 induere,
1132 1135 1220 1222 quod
1239 1135 1282 1201 de
1300 1135 1377 1201 Me·

248 1247 320 1312 tide
344 1246 460 1333 utiquo
475 1244 568 1310 haud
589 1245 800 1311 incommode
813 1245 999 1309 finxenmt
1045 1244 1118 1310 lam
1137 1247 1302 1313 coniicere
1313 1232 1377 1312 no'-

249 1358 302 1424 bia
324 1359 422 1437 licet,
444 1357 583 1445 insuper
607 1355 708 1422 fuisso
726 1357 906 1436 traditum,
934 1355 1048 1424 lovem
1066 1380 1127 1446 per
1147 1357 1330 1425 blanditias
1342 1373 1376 1425 et

249 1470 342 1537 lune
373 1468 568 1557 persuasisse
594 1467 729 1547 Mariti,
761 1468 862 1533 utin
888 1490 962 1548 eam
982 1491 1016 1534 se
1040 1482 1184 1536 verteret
1205 1470 1373 1549 formam,

249 1604 315 1669 qua
340 1582 437 1649 nullo
460 1580 530 1668 ipse
550 1580 683 1669 negotio
706 1580 873 1666 deglutire
892 1603 966 1645 eam
991 1596 1108 1669 posset.
1124 1561 1127 1567 ’
1146 1583 1374 1664 vaticinium,

250 1696 339 1785 quod
364 1719 383 1760 a
411 1695 516 1760 Terra
544 1715 581 1758 ac
607 1691 708 1759 Coelo
736 1692 867 1757 editum
894 1695 993 1780 polita
1025 1693 1162 1761 dicitu.
1187 1697 1251 1761 891
1277 1719 1375 1784 seqq„

252 1808 475 1896 Apollodorus
496 1805 559 1870 uni
579 1804 701 1869 Terrae
724 1803 858 1870 tribuit.
904 1804 1147 1893 Antiquissima
1165 1810 1256 1897 apud
1276 1809 1377 1876 Grae·

251 1944 304 1986 cos
325 1919 459 1987 oracula
479 1916 753 1985 memorabantur
772 1917 911 1996 Terrae,
933 1917 990 1983 cni
1008 1919 1150 2007 proinde
1161 1944 1232 1986 non
1248 1922 1379 1988 incom-

252 2035 350 2100 mode
373 2030 589 2098 vaticinantis
609 2040 720 2118 partes
741 2030 845 2095 etiam
866 2029 905 2095 in
923 2029 987 2098 hoo
1000 2030 1127 2126 mytho
1142 2032 1355 2102 tribuuntur.

297 2282 354 2328 vv.
368 2262 576 2355 8867890,
609 2268 649 2323 ut
678 2268 843 2323 enatantes
873 2245 906 2322 ἒν
940 2252 984 2345 τῇ
1017 2252 1201 2349 Θεογονίᾳ,
1233 2261 1380 2328 subiecto

253 2396 333 2438 cum
357 2374 471 2461 aliqua
493 2371 678 2438 variatione
707 2393 740 2437 v.
763 2373 840 2438 900.
868 2393 906 2436 ao
933 2371 1053 2437 deinde
1081 2395 1139 2438 vv.
1170 2375 1377 2453 921-926.,

254 2487 337 2576 citat
366 2485 513 2553 Galenus
539 2486 580 2549 de
600 2484 718 2570 Dogm.
743 2482 902 2570 Hippocr.
925 2494 958 2548 et
977 2483 1125 2549 Platonis
1145 2487 1184 2551 L.
1207 2486 1269 2555 111.
1292 2513 1321 2554 0.
1348 2492 1377 2555 8.

256 2621 293 2689 p.
309 2598 387 2665 819.
411 2598 472 2665 Ed.
493 2596 638 2675 Kuehn„
659 2596 701 2660 de
719 2617 787 2681 quo
804 2596 877 2661 loco
895 2597 1030 2683 plenius
1047 2597 1228 2664 dicendum
1248 2603 1316 2667 erit
1330 2602 1380 2667 in·

256 2709 310 2777 fra
341 2711 381 2778 ad
409 2733 442 2775 v.
475 2709 551 2776 928.
584 2700 714 2794 Πρῶτον
737 2705 809 2796 (sic)
834 2697 968 2797 tauxa
990 2697 1063 2775 ltro
1085 2706 1194 2792 Μῆτιν
1214 2736 1234 2777 e
1259 2737 1293 2782 v.
1317 2716 1382 2782 886

257 2825 340 2891 citat
362 2821 475 2891 schol.
497 2820 585 2889 vict.
610 2819 652 2884 ad
663 2819 717 2927 ,¹¹·
741 2820 779 2885 Γ.
805 2821 880 2885 191.

301 3055 461 3124 Versibus
482 3057 547 3123 887
574 3075 640 3141 seq.
669 3055 711 3119 de
738 3052 863 3123 Metide
884 3053 1018 3141 prodita
1040 3064 1099 3119 aut
1126 3077 1197 3119 non
1221 3056 1382 3132 attendit,

224 3226 227 3232 .
259 3180 317 3234 aut
337 3168 447 3234 nimia
466 3165 654 3232 subtilitate
668 3166 769 3232 elusit
786 3166 899 3233 Schol.
916 3167 987 3233 AD.
1003 3167 1044 3231 ad
1061 3167 1103 3233 Il.
1126 3165 1171 3234 Θ.
1186 3171 1253 3248 31„
1265 3190 1387 3257 negans

258 3290 478 3347 memoratam
503 3277 544 3344 ab
565 3278 706 3345 Hesiodo
727 3279 899 3346 Minervae
920 3290 1076 3347 matrem.

306 3529 348 3573 0.·
369 3507 436 3573 909
462 3503 596 3568 uncinis
627 3503 766 3568 inclusit
786 3503 958 3583 wolfius,
989 3504 1162 3570 obsecutus
1190 3504 1325 3594 Hoynio
1350 3506 1387 3572 ad

262 3620 420 3711 Apollod.
443 3617 469 3683 l.
495 3617 555 3684 111.
587 3618 619 3684 6.
666 3616 728 3684 Sed
755 3617 914 3683 firmatur
937 3640 1050 3685 versus
1070 3619 1230 3684 citatione
1248 3618 1386 3698 Galerii,

262 3732 418 3824 quamvis
444 3730 601 3818 ponentis
627 3751 706 3795 eum
728 3740 803 3817 post
827 3754 861 3797 v.
889 3732 967 3798 890.
1014 3729 1172 3798 Ceterum
1195 3720 1387 3820 Φρασσαισσ

263 3848 302 3916 in
324 3847 389 3915 illo
409 3866 507 3912 versu
528 3842 660 3914 Wolfio
682 3841 860 3909 videbatur
879 3865 973 3931 possa
992 3843 1096 3933 accipi
1112 3864 1176 3933 pro
1198 3832 1387 3933 1εφρσὲσασσ,

263 3984 327 4029 usu
348 3957 492 4049 optativi
514 3979 576 4045 pro
598 3952 792 4036 indicativo,
816 3956 936 4025 Atticis
954 3955 1131 4026 familiari.
1163 3959 1280 4047 ltaque
1299 3961 1389 4027 hunc

173 4106 179 4117 ·
264 4073 377 4143 versui
400 4092 534 4139 sensum
548 4069 733 4139 tribuebat:
758 4070 847 4135 Vter·
862 4071 934 4136 Dea
957 4069 1086 4162 (Terra)
1103 4064 1408 4163 quidsncr'andwu·

196 4261 200 4270 ,
266 4188 346 4276 quial
374 4184 544 4252 muendram
578 4196 678 4262 esset,
710 4184 922 4252 conduras.
967 4186 1144 4275 Per-peram
1173 4185 1333 4264 omnino,
1363 4183 1387 4247 si
1445 4204 1446 4209 ¹

267 4300 349 4388 quid
371 4300 478 4371 rideo.
