2967 5209
185 542 188 547 .
233 471 305 545 844
499 468 501 472 ’
663 451 903 538 coumrrssivs
972 485 974 489 ’
1007 472 1009 481 ’

191 660 199 674 ’
264 619 399 736 ‘Versus
425 666 490 731 812
520 674 683 752 postrema
707 661 794 747 quod
814 660 874 725 vix
898 657 997 722 verbo
1021 666 1148 720 mutato
1169 654 1256 743 apud
1281 654 1360 718 Ho-
1442 732 1443 737 ἵ

233 802 365 846 merum
387 778 428 844 Il.
458 777 503 842 M.
526 778 599 841 134.
624 784 775 849 exstant,
800 772 883 835 item
902 772 940 834 in
958 768 1062 833 causis
1082 766 1175 832 fuere
1196 767 1358 843 Wolfio,
1442 778 1443 799 ¹

128 946 134 955 .
232 915 293 959 cur
310 901 498 979 suspectum
520 887 655 953 haberet
673 886 811 951 locum·
843 881 906 948 Sed
922 882 1074 971 primum
1095 880 1194 946 verba
1211 880 1358 944 Homeri

232 992 357 1092 ρ’ἶζρροιι
378 993 549 1090 μεγαλῇοι
573 986 764 1077 demittier?
784 985 931 1084 ἀραρυῖαι
946 1017 1015 1059 non
1032 1005 1111 1058 sunt
1126 1005 1196 1057 tam
1212 991 1357 1065 similia,

218 1137 333 1201 1quam
360 1112 510 1183 Wolfius
539 1109 666 1189 voluit,
698 1108 864 1174 Hesiodeis
885 1120 919 1172 et
943 1119 1022 1171 sunt
1049 1106 1137 1193 apud
1166 1104 1356 1169 Homerum

232 1217 341 1314 ρ’ἱζαι,
362 1202 498 1312 proprie
521 1220 566 1287 sic
586 1223 704 1300 dictae,
726 1221 848 1284 radices
863 1220 1040 1296 arborum,
1062 1219 1125 1283 hoc
1150 1226 1264 1281 autem
1279 1216 1357 1280 looo

233 1340 392 1405 translate
408 1336 623 1424 fundamenta
652 1333 803 1409 liminis,
833 1344 873 1395 ut
900 1354 999 1418 supra
1031 1354 1063 1397 v.
1087 1330 1162 1394 728.
1185 1321 1248 1416 ’γῆς
1268 1317 1355 1413 ῥίζαι

234 1450 452 1515 fundamenta
471 1460 587 1514 terrae.
620 1445 786 1511 Similiter
802 1443 888 1531 apud
910 1441 1068 1530 Apollon.
1085 1441 1193 1507 Rhod.
1215 1440 1259 1505 ΙΙ.
1276 1441 1355 1527 320.

233 1562 273 1626 de
296 1560 437 1648 Cyaneis
459 1559 584 1623 dicitur
607 1555 644 1631 ου’
669 1589 719 1601 -
742 1545 868 1640 ρὶζροιι
892 1542 1060 1642 {viperam
1085 1541 1248 1637 οεοὶτροιι.

278 1783 384 1850 Versu
405 1782 481 1848 814.
501 1802 649 1869 pugnare
666 1792 774 1853 censet
793 1779 1020 1867 Goettlingius
1033 1766 1200 1863 αὐτοφυής
1223 1800 1303 1842 cum
1320 1800 1351 1841 v.

236 1895 310 1961 732.
337 1892 398 1960 Sed
420 1905 526 1981 potest
540 1893 714 1980 Neptunus
727 1893 923 1981 imposuisse
943 1889 1041 1968 fores,
1064 1902 1104 1954 ut
1125 1902 1239 1955 tamen
1264 1877 1353 1958 otidis

233 2006 338 2072 fuerit
360 1993 537 2090 αὐτοφυῆι.
560 2004 707 2071 Offendit
724 2028 808 2069 mox
828 2003 1052 2090 Goettlingius
1065 2004 1105 2067 ad
1122 1992 1258 2090 πρόσθεν
1271 2013 1304 2066 et
1316 2002 1354 2064 in

234 2144 267 2186 v.
290 2119 365 2186 814.
391 2120 431 2184 ad
454 2113 550 2206 πέρην
573 2107 680 2208 χάεος
703 2108 872 2205 ζοφεροῖο,
895 2114 1092 2202 dequibus,
1117 2116 1286 2201 quomodo
1303 2138 1354 2179 ac·

234 2232 385 2320 cipienda
408 2230 602 2308 videantur,
627 2252 726 2318 supra
747 2230 834 2294 dixi.

178 2446 181 2453 Δ
278 2457 384 2524 Versu
398 2458 475 2522 815.
491 2456 677 2521 notandum
693 2457 805 2520 visum
824 2458 925 2521 etiam
939 2443 1174 2543 ἐρισμαράγοιο
1190 2454 1356 2520 Goettlin·

235 2570 306 2656 gio,
331 2568 418 2655 quod
436 2568 552 2655 utique
573 2590 642 2632 non
665 2579 712 2632 est
735 2569 824 2632 inter
842 2569 1003 2634 solemnia
1018 2568 1106 2633 Iovis
1119 2567 1278 2656 epitheta,
1298 2590 1354 2631 ne·

234 2702 298 2768 que
319 2692 432 2745 tamen
448 2702 518 2744 non
539 2689 587 2743 est
604 2679 635 2743 ei
648 2680 858 2747 conveniens.
873 2681 921 2746 Ἠ.
941 2682 1038 2747 Hom.
1064 2682 1101 2746 in
1116 2680 1216 2746 Mero.
1233 2704 1266 2748 v.
1281 2683 1353 2745 187.

186 2774 193 2787 ’
235 2792 363 2857 mentio
386 2790 427 2855 fit
447 2778 683 2879 ἐρισμαράγοιο
707 2781 886 2882 Γαιηόχου.

281 3045 337 3088 vv.
360 3023 546 3088 817-819.
570 3020 678 3108 SuPra
693 3044 726 3088 v.
739 3023 804 3087 734
821 3044 907 3108 seqq.
923 3022 1016 3088 dixit
1029 3024 1137 3109 poeta,
1157 3033 1223 3087 tres
1242 3020 1358 3087 Centi-

236 3155 351 3198 manos
379 3135 587 3199 coniunctim
615 3133 778 3199 habitasse
801 3132 930 3198 forium
951 3135 1085 3199 Tartari
1106 3134 1271 3211 custodes,
1296 3156 1358 3199 nec

236 3242 373 3309 fortasse
387 3245 442 3309 hic
463 3246 555 3310 aliud
575 3246 757 3333 cogitavit,·
774 3246 927 3333 quamvis
947 3246 1036 3311 idem
1058 3246 1179 3312 diserte
1198 3246 1239 3311 de
1258 3245 1357 3312 Cotto

236 3368 370 3421 tantum
396 3367 429 3420 et
452 3356 547 3444 Gyge
579 3358 739 3444 prodens,
766 3358 806 3422 de
826 3358 958 3423 Briareo
979 3359 1146 3445 peculiare
1169 3358 1252 3444 quid
1271 3356 1357 3423 refe·

236 3490 330 3546 rens,
353 3489 446 3546 eum,
468 3491 487 3532 a
504 3468 658 3556 Neptuno
677 3491 836 3556 generum
851 3470 1020 3548 allectum,
1040 3492 1182 3536 uxorem
1198 3470 1357 3558 accepisse

236 3581 345 3647 liliam
365 3581 434 3646 eius
454 3581 704 3670 Cymopoleam.
742 3582 839 3648 Nihil
857 3605 933 3648 sane
953 3583 1075 3663 obstat,
1093 3586 1356 3669 quominuseam

237 3694 387 3759 Briareus
416 3694 556 3758 domum
581 3694 713 3758 duxisse
736 3706 915 3761 censeatur.
963 3694 1024 3761 Sed
1046 3706 1132 3760 certe
1156 3718 1249 3784 saepe
1268 3696 1356 3782 apud

235 3807 368 3874 Veteres
398 3817 603 3871 memoratiu·
631 3807 785 3872 Briareus
817 3819 912 3872 extra
937 3809 1113 3873 stationem
1138 3809 1238 3875 illam
1261 3830 1355 3872 suam

234 3931 419 4009 occupatus.
466 3918 520 3985 Sic
544 3920 584 3985 Il.
609 3922 648 3985 A.
672 3920 749 3986 403.
774 3921 920 3985 traditur
938 3932 1088 3986 evocatus
1106 3920 1354 4010 in·01ympum

235 4057 254 4098 a
274 4032 430 4109 Thetide,‘
458 4045 495 4096 ut
520 4032 701 4097 auxilium¹
719 4028 822 4097 ferret
851 4033 922 4099 Iovi
942 4045 1057 4098 contra
1083 4034 1271 4111 Iunonem,
1293 4033 1355 4099 Ne·

233 4156 396 4232 ptunum,
435 4145 620 4223 Palladem,
656 4146 758 4230 quod,
795 4156 875 4210 teste
907 4144 1017 4211 Schol.
1052 4147 1210 4234 Apollon.
1243 4147 1350 4213 Rhod.

236 4256 262 4323 Ι.
289 4259 383 4323 1165.
416 4257 576 4321 traditum
608 4256 766 4321 similiter
795 4256 835 4321 ab
866 4257 945 4323 Ione
972 4259 1010 4323 in
1032 4259 1268 4347 dithyrambo‚
1282 4258 1350 4327 ,ubi
