2967 5209
234 475 308 554 234
673 502 913 552 oomurmrvs

232 671 407 762 Propertio
437 672 481 740 11.
509 673 585 742 XX.
615 677 647 742 6.
680 675 722 741 ub
743 675 865 742 insulis
885 674 990 752 dicte,
1014 686 1055 739 ut
1076 660 1177 754 Nnedr
1190 670 1237 763 (v.
1252 673 1363 760 261.)

230 777 369 865 Ἀκταίη
399 785 448 873 (v.
473 786 550 853 249.
574 787 616 854 ll.
646 786 683 852 Σ.
707 811 741 854 v.
767 787 835 875 41.)
858 784 1100 853 littorea-diota
1123 798 1173 851 est
1192 786 1233 852 ub
1252 778 1366 865 dum,

230 912 270 965 ut
292 889 400 977 Ἠϊόνη
420 897 468 985 (v.
491 896 570 986 255)
587 896 629 964 ab
651 886 732 978 η’νόιν
779 899 942 966 Memorat
956 899 1056 965 illum
1071 899 1173 966 etium
1194 898 1366 965 Homerus

135 992 137 1007 ³
227 1013 263 1079 d.
282 1010 307 1081 l.
328 1034 360 1078 v.
384 1011 436 1078 41.
481 1011 605 1080 Vocem
625 999 859 1099 Πρωτομέδεια
876 1011 921 1103 (v.
935 1008 1363 1100 249.),quaepraeoipuam

226 1146 345 1191 curem
366 1135 502 1212 gereret
521 1124 673 1191 navium.
719 1123 871 1211 Namque
894 1124 1036 1190 navibus
1061 1135 1095 1189 et
1124 1122 1365 1212 navigantibus

226 1237 400 1303 oonsulere
434 1257 550 1301 omnes
582 1234 733 1302 Nereides
768 1233 1004 1314 credebantur,
1033 1235 1122 1301 unde
1144 1234 1364 1323 intelligendi

227 1349 379 1437 Propere
404 1347 464 1414 111.
486 1370 517 1413 v.
540 1352 583 1413 33
604 1370 691 1436 seqq.
716 1345 816 1414 Ovid.
840 1346 883 1413 11.
907 1346 984 1414 Am.
1008 1346 1067 1412 XI.
1087 1346 1132 1412 34
1144 1368 1231 1435 seqq.
1255 1344 1360 1414 conf.

227 1472 263 1526 et
280 1461 439 1548 Apollon.
470 1459 537 1527 111ι.
568 1459 626 1528 IV.
653 1459 718 1526 843
740 1482 830 1547 seqq.
852 1459 1013 1525 Leonidas
1035 1459 1236 1527 Tarentinus
1253 1458 1294 1527 A.
1318 1459 1359 1525 P.

226 1572 320 1639 VIII.
342 1575 406 1661 Ep.
429 1575 504 1639 550.
528 1571 651 1660 virgil.
674 1573 757 1638 Aen.
789 1572 815 1637 Ι.
834 1571 911 1638 244.
934 1571 975 1637 V.
1000 1572 1075 1637 240.
1123 1571 1362 1659 itaquediotue

228 1685 310 1751 hinc
333 1707 462 1772 quoque
484 1672 645 1770 Ἁλιμήδη
671 1684 717 1773 (v.
741 1684 846 1769 255.)‚
868 1673 1087 1771 Ποντοπόρεια
1108 1682 1155 1767 (v.
1178 1680 1281 1772 256),
1294 1676 1361 1750 Εὐ·

228 1786 346 1881 diurn
361 1797 405 1885 (v.
420 1796 523 1884 261.),
546 1785 735 1883 Λαομέδεια
761 1796 805 1885 (v.
818 1794 909 1885 257.)
924 1807 957 1862 et
966 1786 1190 1862 Λυσιάνασσα
1201 1795 1248 1885 (v.
1260 1796 1357 1884 258),

227 1910 357 1977 solvens
378 1909 460 1979 haec
481 1931 571 1997 reges
588 1933 607 1977 u
625 1910 728 1977 meris
747 1911 917 1999 periculis.
963 1901 1102 1988 Πανόπη
1122 1909 1167 1998 (v.
1184 1910 1273 1996 250.)
1292 1934 1356 1976 no-

226 2038 306 2091 men
319 2020 448 2093 -habuit
469 2044 487 2088 a
510 2035 702 2111 prospectu,
725 2023 786 2110 qui
807 2024 846 2088 in
869 2045 961 2088 mare
978 2045 1110 2110 quaqua
1124 2045 1237 2089 versus
1249 2035 1355 2113 putet.

227 2134 418 2222 Iunguntur
445 2127 546 2223 Δωρὶς
575 2147 608 2201 et
633 2126 771 2214 Πανόπη
799 2135 900 2201 etiem
934 2137 1024 2223 apud
1051 2135 1236 2201 Homerum
1264 2137 1291 2202 l.
1319 2159 1354 2201 o.

154 2246 157 2253 ’
226 2270 259 2315 v.
283 2250 336 2314 45.
382 2248 443 2317 Est
460 2248 613 2336 mepea
636 2257 732 2336 virgo
764 2248 853 2336 apud
873 2247 995 2336 Virgil.
1027 2248 1053 2315 1.
1083 2247 1126 2315 G.
1151 2240 1230 2335 437.
1252 2260 1287 2313 et
1309 2250 1354 2316 V.

224 2360 309 2431 Aen.
332 2361 398 2426 240
417 2373 451 2428 et
475 2363 552 2428 825.
575 2362 666 2427 inter
686 2362 866 2450 praecipua
896 2360 999 2425 muris
1023 2361 1184 2439 numine,
1208 2372 1249 2425 ut
1269 2361 1356 2426 item

226 2472 349 2547 Ovidio
358 2473 418 2541 Vl.
430 2474 468 2540 F.
489 2476 565 2541 599.
584 2471 723 2539 ductori
743 2471 842 2539 Cous.
853 2472 894 2537 ud
906 2472 981 2540 Liv.
995 2473 1070 2538 435.
1087 2473 1224 2553 Valerio
1237 2475 1356 2540 Flacco

227 2583 253 2650 I.
276 2584 351 2651 134.
375 2583 418 2648 11.
440 2585 515 2650 590.
548 2585 701 2671 Panopae
720 2607 835 2671 greges
856 2595 935 2649 sunt
956 2585 1060 2672 pisces
1081 2586 1119 2651 in
1142 2585 1258 2653 Sereni
1278 2609 1354 2652 our-

224 2695 319 2763 mine
341 2696 430 2784 upud
456 2697 648 2765 Terentium
675 2696 833 2762 Maurum
857 2719 890 2763 v.
909 2699 1009 2764 2630.
1030 2686 1195 2781 Ἱπποθόη,
1204 2690 1355 2779 Ἱππονόη

226 2809 274 2898 (v.
302 2806 393 2897 251.)
418 2820 452 2874 et
473 2800 628 2887 Μενίππη
649 2807 696 2892 (v.
721 2806 811 2896 260.)
836 2809 953 2890 diotae,
976 2822 1016 2875 ut
1036 2799 1203 2878 Ποσειδῶν
1220 2799 1355 2883 Ἵππιος

224 2921 265 2988 ab
290 2922 383 3010 equis
412 2922 568 3011 primum
600 2918 688 2988 mari
720 2922 759 2989 in
783 2901 957 2989 Greeoium
985 2924 1146 3003 advectis,
1176 2927 1232 2991 vel
1262 2926 1352 3013 quod

223 3036 353 3124 optimu
379 3047 486 3103 esseut
512 3056 618 3124 prope
648 3057 741 3105 mare
765 3058 895 3123 pascua.
941 3025 1028 3124 Eo‘dp
1090 3037 1135 3126 (v.
1158 3035 1248 3127 259.)
1263 3038 1352 3102 diota

224 3152 307 3219 item
331 3174 350 3215 a
377 3152 507 3238 pascuis
533 3153 589 3219 vel
615 3152 768 3218 lavandis
795 3152 835 3219 in
862 3153 952 3218 meri
981 3152 1085 3241 agnis.
1130 3138 1277 3234 Ψαμάθη
1304 3150 1352 3239 (v.

218 3266 301 3333 260.
325 3265 455 3347 1004),
479 3264 592 3329 eadem
618 3262 756 3331 fortasse
777 3253 942 3349 Ἀμάθεια
973 3267 1113 3332 Homeri
1130 3265 1156 3331 1.
1179 3288 1209 3330 o.
1234 3266 1269 3329 ν.
1297 3266 1350 3330 48.

222 3387 310 3449 uerte
329 3387 471 3467 utreque
488 3376 576 3441 dicte
597 3375 763 3445 eburena.
791 3378 950 3466 Denique,
974 3400 1062 3456 cum,
1086 3389 1126 3442 ut
1142 3377 1266 3444 Nereus
1279 3378 1353 3466 ipse

222 3488 368 3576 prudeus
389 3499 422 3553 et
443 3490 566 3566 iustus,
588 3487 836 3577 imprudentes
860 3491 1028 3578 iustaeque
1050 3490 1120 3555 eius
1135 3491 1237 3556 etium
1260 3490 1352 3556 filiae

222 3601 443 3681 haberentur,
475 3600 511 3665 id
543 3600 776 3688 significarunt
805 3624 936 3691 quoque
958 3604 1096 3670 nomina
1119 3603 1348 3691 quarundam:

222 3703 364 3792 Αὐτονόη
381 3710 425 3802 (v.
439 3709 542 3799 258.),
556 3705 715 3796 Θεμιστὼ
727 3716 774 3805 (v.
788 3712 892 3803 261.),
905 3705 1026 3802 Προνόη
1040 3715 1162 3805 (ibid),
1178 3706 1349 3802 Νημερτὶηι

223 3826 267 3915 (v.
292 3823 381 3914 νει.)
403 3825 460 3891 cui
482 3827 578 3914 apud,
593 3827 779 3895 Homerum
800 3829 833 3893 d.
854 3830 879 3894 ι
899 3852 930 3894 v.
950 3829 1161 3917 rudungum
1174 3813 1348 3908 Ἀψευδὴς.

264 3941 364 4027 Quod
391 3953 503 4011 eutem
528 3941 690 4007 Homerus
713 3954 747 4007 et
772 3942 930 4007 Hesiodus
954 3944 1068 4009 oedem
1092 3942 1218 4008 habent
1237 3945 1348 4030 plere-

221 4078 363 4142 rumque
382 4055 522 4123 numina
536 4055 730 4134 Nereidum,
753 4078 891 4142 arguere
909 4057 999 4121 mihi
1017 4056 1162 4136 videtur,
1175 4078 1228 4121 eos
1242 4057 1281 4121 in
1293 4056 1347 4121 his
1395 4064 1401 4071 '

221 4171 445 4239 memorandis
473 4169 698 4256 antiquiorem
720 4170 761 4234 de
783 4169 856 4234 illis
875 4171 1092 4253 traditionem
1113 4182 1240 4235 secutos
1261 4193 1343 4248 osse,

221 4306 306 4362 non,
333 4295 372 4349 ut
394 4284 470 4351 vult
493 4282 750 4350 Eustathius‘ad
780 4284 820 4349 11.
852 4286 888 4352 Σι
911 4308 945 4371 p.
972 4286 1066 4351 1130.
1089 4287 1131 4350 35
1149 4305 1235 4370 seqq.
1261 4284 1345 4370 ipsos
