2967 5209
471 483 501 525 m
528 481 652 527 annom
676 482 890 532 ruuocounn.
1173 459 1248 534 351-
1288 465 1292 477 “

108 653 248 739 ipsique
284 652 322 717 in
361 653 430 717 imo
467 654 606 719 Tartaro
640 654 769 721 Cronus
812 667 844 718 et
878 654 965 719 circe
998 677 1076 719 eum
1111 657 1245 722 Titanes
1311 666 1316 677 '

113 763 170 851 (v.
194 761 295 850 851).
405 834 420 863 ⁹

164 1012 195 1054 v.
224 991 287 1053 851
317 990 472 1075 spurium
499 990 619 1055 habuit
643 991 809 1069 Wolfius,
841 993 929 1077 quod
960 993 1068 1058 obiter
1091 993 1246 1058 iniieitnr

109 1101 247 1167 mentio
278 1089 391 1186 Κρόνον
423 1113 456 1167 et
481 1102 603 1189 similis
628 1127 741 1169 versus
764 1115 812 1170 est
834 1105 875 1171 Il.
899 1108 935 1171 Ξ.
959 1107 1035 1172 274.
1083 1105 1245 1190 Equidem

108 1235 216 1279 versu
234 1234 344 1278 carere
365 1214 486 1281 nolim.
533 1213 669 1281 Scilicet
687 1229 763 1304 post
782 1229 983 1284 memoratos
996 1241 1097 1306 supra
1113 1218 1246 1283 Titanes

108 1325 156 1415 (i.
178 1349 207 1393 e.
232 1316 362 1412 Κρόνον,
384 1328 554 1413 quondam
577 1326 671 1397 Coeli
696 1351 825 1417 regem,
847 1341 880 1393 et
896 1330 998 1397 socios
1020 1328 1102 1418 eius)
1115 1331 1152 1395 in
1163 1332 1247 1396 Ter·

107 1451 231 1505 tarum
261 1438 402 1503 deiectos
430 1438 497 1528 (vv.
526 1442 589 1505 717
613 1437 716 1527 seqq.)
741 1442 913 1507 commode
935 1436 991 1507 htc
1013 1455 1247 1509 memorantur

34 1604 37 1609 .
109 1551 221 1619 iidem
243 1552 377 1618 Titanes
400 1528 654 1638 ὑποτονρτοόρνον,
679 1541 790 1638 Κρόνον
816 1545 928 1638 dudit
952 1540 1063 1631 ἐόντες.

162 1777 202 1843 ln
226 1800 256 1842 v.
293 1777 357 1842 852
378 1776 542 1862 genitivos
564 1777 777 1843 Hermannus
798 1780 836 1843 in
855 1779 949 1846 Cens.
973 1779 1098 1875 Goettl.
1125 1779 1246 1845 habere

107 1901 229 1976 negat,
257 1891 344 1955 unde
365 1889 540 1976 pendeant.
576 1890 690 1975 Itaque
714 1892 768 1959 vel
788 1894 950 1977 quaedem
971 1892 1130 1959 excidisse
1149 1903 1247 1978 putat

105 2013 193 2069 ante
213 2003 304 2067 hunc
329 2023 481 2079 versum,
503 2001 558 2066 vel
580 2002 694 2066 locum
717 2003 749 2067 ei
769 2016 844 2090 post
865 2027 897 2071 v.
921 2005 988 2071 844
1010 2002 1111 2069 fuisse
1127 2003 1164 2067 in
1179 2004 1246 2067 alia

107 2114 320 2191 recensione,
353 2134 436 2198 quae
467 2134 574 2199 neque
607 2137 640 2181 v.
673 2115 758 2191 845,
789 2138 894 2200 neque
921 2140 952 2184 v.
984 2118 1050 2183 846
1077 2116 1243 2183 habuerit.

110 2226 181 2293 sec
200 2225 322 2312 quidni
341 2226 445 2312 possa
464 2226 534 2304 nc,
562 2236 600 2290 n
617 2224 708 2293 infra
732 2249 765 2292 v.
790 2229 866 2293 sen.
883 2211 979 2316 '‘epy.
1004 2228 1244 2306 329.,1·nte1n-

108 2340 149 2427 gi
170 2337 314 2424 aliquid,
338 2338 427 2403 unde
446 2339 590 2426 genitivi
613 2340 798 2427 pendeant,
819 2341 846 2404 si
869 2365 938 2406 non
961 2320 1061 2405 ‘e'veuu
1075 2362 1152 2405 oum
1172 2340 1243 2426 ple·

106 2452 226 2538 risque
247 2451 498 2539 interpretibus,
521 2452 670 2518 attamen
685 2453 831 2540 aliquid;
851 2455 903 2519 vel
917 2453 1063 2531 admitti,
1080 2433 1245 2539 genitivos

107 2540 180 2631 esse
198 2564 374 2642 absolutos,
396 2574 429 2629 et
448 2565 598 2652 intelligi
611 2565 832 2654 participium
843 2567 938 2633 verbi
952 2562 1114 2631 absoluti?
1129 2564 1243 2661 Goett·

107 2678 220 2765 lingio
252 2688 364 2741 autem
394 2700 462 2743 non
491 2689 586 2753 ente,
618 2678 673 2743 sed
702 2691 778 2766 post
809 2679 901 2745 hunc
925 2702 1058 2745 versum
1081 2678 1242 2766 quaedem

107 2790 273 2856 excidisse
296 2789 466 2867 videntur,
492 2790 678 2877 supplenda
704 2812 748 2854 ex
763 2792 970 2878 Apollodoro
992 2792 1017 2857 l.
1033 2790 1092 2859 Vl.
1111 2795 1143 2856 3.
1159 2797 1177 2877 §
1191 2794 1241 2857 10.

107 2903 223 2969 Verba
251 2902 343 2967 enim
379 2903 423 2985 (v.
454 2899 547 2989 853.)
575 2892 654 2973 Ζεὺς
678 2889 709 2967 d’
734 2890 807 2969 ἕπε)
830 2887 883 2971 οὖν
914 2893 1055 2991 κόρθυνεν
1078 2895 1127 2969 ,ἑόν
1148 2896 1243 2987 μένος

107 3015 311 3103 respondere
330 3014 530 3101 Apollodori
549 3015 675 3081 verbis:
700 3007 779 3087 zade
800 3005 836 3084 dl
856 3008 913 3098 tiu
933 3004 1014 3083 όόόοιν
1033 3002 1242 3099 όονοοκορονοοό·

107 3145 208 3215 μενος
233 3115 338 3216 ἶσχόν
363 3145 395 3192 κ.
422 3146 454 3192 ο.
479 3129 532 3205 d,
567 3128 679 3214 itaque
710 3129 752 3194 iis
780 3152 909 3195 novum
937 3128 1044 3196 videri
1074 3138 1241 3193 certamen

108 3239 271 3317 indicari,
300 3251 339 3303 ut
358 3241 447 3327 apud
469 3240 727 3328 Apollodorum.
777 3242 866 3307 Mihi
888 3242 987 3311 aliter
1007 3241 1151 3318 videtur,
1172 3240 1242 3305 dis-

107 3351 393 3421 sentienteetiem
415 3352 618 3430 Hermanno,
639 3365 790 3441 recteque
804 3366 972 3432 monente,
995 3354 1239 3442 Apollodorum

108 3469 150 3532 in
169 3463 285 3531 ceteris
304 3464 408 3551 magis
427 3465 528 3543 elios,
554 3488 655 3552 quem
677 3467 858 3534 Hesiodum
880 3469 1085 3557 expressisse.

157 3715 189 3756 v.
206 3694 271 3756 853
289 3713 377 3776 seqq.
403 3691 542 3779 Iupiter,
560 3694 708 3759 collectis
723 3696 791 3760 suis
807 3697 990 3780 erectisque
1009 3695 1051 3758 ad
1068 3713 1238 3759 summum

111 3803 259 3881 viribus,
283 3803 403 3867 sumtis
425 3804 527 3867 ermis
551 3804 591 3868 ab
613 3804 765 3893 Olympo
789 3807 826 3870 in
850 3807 1052 3894 Typhoeum
1082 3803 1237 3880 insiluit,

110 3939 252 4002 eumque
279 3918 394 3985 crebro
425 3916 582 3981 fulminis
610 3919 703 4005 quasi
726 3919 860 3984 verbere
882 3909 1066 4013 (πληγῇσιν
1087 3903 1239 4001 ipsiusne

111 4055 145 4097 v.
171 4029 260 4117 857.)
295 4030 341 4096 sic
373 4027 485 4119 feriit,
520 4041 559 4093 ut
581 4030 695 4097 omnia
718 4033 862 4097 monstri
885 4033 994 4120 capita
1015 4030 1237 4097 combureret.

112 4142 266 4230 Typhoei
295 4143 447 4209 mutilati
473 4164 549 4209 casu
572 4154 661 4209 terra
684 4145 852 4232 ingemuit
874 4145 970 4210 allisa
1008 4139 1112 4233 (conf.
1137 4162 1237 4228 supre

114 4279 145 4319 u.
171 4252 272 4340 843.).
307 4256 459 4322 Flumina
473 4246 615 4332 eutem,
628 4279 693 4342 qua
716 4255 865 4323 fulmine
886 4279 1055 4344 percussus
1072 4256 1131 4321 ille
1153 4245 1238 4333 όόνοοξ
