2967 5209
668 394 685 437 e

473 514 505 561 rr
530 512 655 562 nmroor
679 512 893 563 rarocomr.
1185 486 1255 563 tlt

131 688 172 753 in
202 708 284 775 qno⁴
299 709 355 767 ea,
387 688 425 752 in
456 685 578 774 quibus
608 710 660 754 ars
689 697 822 753 motum
843 686 1012 775 corporis,
1037 686 1201 753 incessum
1222 699 1260 753 et

129 812 244 866 actum
266 811 488 889 expresserat,
511 822 545 866 sc
563 822 708 880 morere,
730 801 892 880 incedere,
908 822 1002 889 agere
1020 799 1255 867 narrabantur.

129 911 246 999 ltaque
267 908 402 979 fabulae
415 908 561 977 fundum
578 913 690 1001 posuit
708 915 747 979 in
768 904 949 979 simulacro
966 913 1195 1002 pulaberrime
1212 938 1258 981 ex

126 1025 251 1113 argilla
283 1021 382 1091 fecto.
442 1023 552 1089 Immo
583 1023 779 1103 manifesta,
811 1026 849 1092 ni
867 1023 989 1104 fallor,
1012 1026 1068 1091 hle
1092 1039 1258 1115 apparent

126 1149 337 1207 serratarum
369 1134 412 1203 ab
438 1134 596 1223 lapetidis
619 1137 816 1204 Hellenibus
834 1138 1035 1206 Asianorum
1058 1139 1259 1226 antiquioris

126 1249 204 1317 sevi
234 1247 457 1314 traditionum
487 1246 622 1315 indicia.
667 1248 861 1316 Notandum
879 1261 993 1316 numm
1008 1251 1048 1316 in
1069 1250 1112 1317 iis
1131 1272 1258 1339 propa·
1354 1324 1358 1331 .

125 1362 247 1451 gandia
277 1359 526 1427 narrationibus
545 1363 713 1443 variatum
738 1362 927 1429 interillos
951 1361 1064 1429 irrisae.
1111 1362 1260 1450 Namque

126 1475 194 1540 alii
219 1475 260 1539 de
289 1475 363 1539 luto
391 1473 484 1539 fictos
519 1474 674 1541 homines
703 1498 722 1540 a
750 1475 948 1545 Prometheo
977 1476 1141 1543 dixerunt
1166 1474 1257 1562 (vid.

129 1587 292 1676 Apollod.
308 1585 492 1675 1.v11.1pr.
506 1586 642 1655 Pausan.
658 1588 702 1653 X.
717 1585 776 1675 1.);
796 1609 833 1653 ac
847 1589 967 1669 nescio,
988 1612 1032 1656 an
1050 1590 1141 1668 baec,
1158 1590 1261 1677 vulgo

127 1699 238 1790 magis
262 1710 403 1789 recepta,
426 1699 529 1765 etiam
548 1699 720 1787 antiquior
739 1697 845 1766 fuerit
863 1701 1014 1783 traditio,
1031 1724 1129 1789 aqua
1142 1701 1259 1768 discer-

125 1835 206 1879 sum
229 1813 275 1879 sit
286 1812 453 1902 deinceps,
469 1824 645 1901 postquam
662 1812 792 1901 Iupiter
814 1803 922 1900 accip
939 1799 1058 1901 ἀνδρῶν
1074 1829 1114 1878 τε
1133 1801 1210 1881 θεῶν
1223 1829 1261 1878 τε

125 1937 266 2015 coeptus
279 1938 327 1995 eet
346 1925 477 1992 heberi:
505 1947 613 2014 neque
630 1925 724 1991 enim
741 1948 822 1991 cum
844 1926 906 1990 hac
920 1927 1085 2013 opinione
1100 1948 1260 2015 congrue-

126 2040 206 2118 bat,
235 2050 275 2105 ut
301 2037 519 2105 Prometheus
549 2037 703 2104 homines
731 2036 891 2104 formasse
921 2037 1098 2104 diceretur.
1147 2039 1262 2129 Itaque

125 2152 263 2219 nullius
285 2150 468 2217 hominum
490 2149 618 2238 generis
632 2160 753 2214 auctor
772 2149 990 2215 Prometheus
1012 2151 1125 2217 editur
1145 2152 1185 2218 in
1195 2152 1262 2218 lle-

126 2263 251 2331 siodeis
266 2246 362 2352 ”Epa
387 2264 451 2328 106
469 2283 568 2348 seqq„
588 2261 644 2326 sed
667 2260 761 2328 aurei
786 2272 820 2327 et
840 2262 987 2350 argentei
1003 2261 1135 2329 Cronus
1151 2274 1185 2329 et
1204 2262 1263 2330 Dii

127 2399 211 2443 oum
233 2375 314 2455 illo,
346 2374 434 2441 nerei
459 2385 557 2460 atque
585 2374 814 2441 insecutorum
849 2375 1000 2463 Iupiter,
1029 2398 1097 2463 quo
1126 2375 1264 2442 iubente

128 2491 236 2557 etiem
262 2488 340 2556 fieta
358 2510 376 2554 a
394 2489 468 2554 luto
491 2487 690 2576 perhibetur
708 2488 851 2567 mulier,
875 2488 923 2554 ita
946 2499 1079 2569 tamen,
1101 2501 1142 2555 ut
1160 2490 1264 2559 huius

128 2602 275 2669 historia
294 2612 386 2667 emto
403 2623 497 2669 nexu
516 2622 595 2667 cum
617 2600 715 2668 rebus
736 2602 927 2669 Promethei
946 2603 1125 2670 coniuncta
1140 2616 1174 2671 et
1187 2627 1264 2693 my·

129 2716 186 2783 tbi
207 2717 248 2781 de
266 2715 330 2781 illo
351 2737 428 2802 pars
449 2713 504 2781 sit.

176 2966 212 3009 v.
237 2944 298 3007 571
324 2940 462 3029 respicit
484 2939 638 3007 Eustath.
660 2940 701 3006 ad
719 2940 761 3006 11.
789 2962 824 3027 p.
844 2942 940 3007 1151.
965 2945 1019 3010 30.
1056 2942 1265 3008 Memoratur

130 3080 177 3123 ex
195 3056 233 3123 h.
250 3078 285 3121 v.
309 3040 532 3140 Ἀμφιγυῆσισ
553 3075 573 3116 a
593 3051 728 3140 cyrillo
748 3051 773 3117 l.
798 3075 827 3119 c.
854 3053 916 3117 'In
937 3044 1034 3142 ytrite
1052 3049 1263 3139 σύμπλασσε

135 3169 183 3259 (v.
210 3169 302 3255 571.)
319 3167 442 3255 pendet
459 3164 628 3255 genitivus
647 3164 690 3230 ab
707 3165 928 3254 intelligenda
945 3167 1193 3255 praepositione
1213 3155 1265 3250 ia,

130 3286 237 3369 quem
260 3278 354 3344 addit
369 3280 469 3367 poita
484 3261 580 3369 ''Epy.
606 3281 663 3344 70.
706 3278 848 3344 Iusserat
866 3290 979 3345 autem
1001 3280 1132 3369 Iupiter
1142 3282 1265 3350 Vulca-

131 3414 221 3458 num
242 3384 343 3480 γσῖαν
362 3378 432 3459 ὕδει
451 3387 581 3482 (bipart,
603 3405 721 3458 terrum
744 3413 829 3482 aquo
848 3392 992 3474 diluere,
1018 3402 1159 3462 miscere.
1184 3394 1263 3463 vid.

132 3505 219 3572 ibid.
244 3506 299 3570 61.

181 3756 239 3800 vv.
256 3733 447 3809 576-577,
466 3743 547 3798 teste
558 3731 744 3799 Scholiasta
759 3731 909 3799 Parisino
927 3732 968 3797 ad
984 3731 1020 3798 h.
1030 3733 1067 3808 1.,
1083 3718 1266 3810 sitarciam,

135 3845 225 3931 quod
245 3867 264 3909 a
284 3845 352 3911 Dea
371 3845 505 3910 Pallade
526 3844 706 3910 mulierem
727 3843 843 3908 ornari
864 3840 1061 3909 indecorum
1083 3840 1265 3913 videretur.

138 3955 220 4038 Sed,
240 3959 318 4025 Iove
332 3957 491 4036 iubente,
511 3957 547 4022 id
570 3955 698 4022 fectum
719 3980 738 4021 a
761 3954 923 4032 Minerva,
945 3966 978 4019 et
1000 3975 1061 4042 per
1079 3976 1113 4017 se
1134 3952 1275 4023 intelli·.

138 4069 247 4157 gitur,
277 4082 311 4135 et
327 4067 540 4136 manifestius
559 4049 839 4156 indicatur'bpy.
863 4070 916 4133 63.
938 4114 944 4125 -
964 4068 1096 4133 Praeter
1118 4066 1266 4130 cinctum

141 4194 252 4249 autem
271 4195 495 4271 ornatumque
516 4182 582 4280 alia
604 4182 771 4247 Pandorae
791 4181 877 4246 dona
901 4181 1089 4247 Minervam
1112 4177 1268 4244 tribuisse

142 4290 261 4360 docent
278 4295 327 4363 ibi
349 4320 403 4366 vv.
428 4296 484 4362 61.
508 4296 561 4362 72.
585 4297 638 4362 76.
675 4295 765 4360 Tum
783 4294 832 4360 ibi
849 4316 979 4382 quoque
1000 4293 1139 4362 Veneris
1163 4295 1207 4378 (v.
1225 4295 1269 4357 65
