2967 5209
472 555 503 598 rs
530 554 654 600 arsinoa
679 553 894 599 rasoconnn.
1174 521 1247 594 213

122 725 207 792 Cris.
245 725 285 789 Τ.
324 724 365 790 ll.
400 746 434 811 p.
463 726 538 789 366.
571 712 624 788 ἔπ’
647 713 810 811 Ἤπεῖροιο
831 721 1071 808 cu'mnssptrnm
1095 718 1247 783 reddenti
1321 696 1330 713 ⁸
1373 722 1375 725 ’

123 838 336 903 Muetzellius
357 860 392 925 p.
416 839 490 904 419.
590 836 593 841 ’
1208 868 1211 875 ’

166 1086 200 1128 v.
226 1064 286 1129 191
310 1083 396 1150 seqq.
420 1051 469 1150 τῷ
490 1049 524 1126 ‹l’
549 1048 594 1126 iul
614 1055 710 1147 κούρη
725 1046 863 1148 ἐθρέφθη
883 1079 920 1124 κ..
938 1079 980 1124 τ.»
995 1048 1048 1147 λ.)
1080 1058 1130 1125 Ad
1157 1057 1248 1121 hunc

119 1174 261 1261 Veneris
275 1183 391 1239 ortum
410 1153 533 1263 passim
545 1173 741 1238 adluserunt
751 1184 876 1241 veteres
890 1174 1024 1261 poetae,
1044 1170 1249 1237 Graecorum

120 1286 258 1374 quidem
278 1285 542 1352 luculentissime
561 1285 699 1351 Nonnus
717 1286 818 1352 Dion.
840 1286 867 1350 I.
887 1288 942 1351 87.
965 1274 1249 1373 βρυχίηνἈφρο-

122 1387 213 1478 dicar
233 1389 387 1486 Οὐρανίης
407 1385 519 1495 ὤδινεν.
531 1386 595 1464 ἀπ’
611 1385 992 1487 αὕλακοςὲγκυονῦδωρ.
1017 1393 1117 1463 Conf.
1134 1393 1252 1460 Schra-

122 1512 194 1577 der.
226 1512 266 1575 ad
294 1510 465 1576 Musaeum
493 1533 528 1598 p.
555 1514 631 1578 327.
681 1513 819 1578 Latinos
837 1522 1002 1578 memorat
1019 1509 1252 1578 broukhusius

124 1624 168 1689 ad
189 1624 269 1688 haec
287 1620 419 1688 Tibulli
437 1621 464 1687 1.
485 1625 537 1689 11.
561 1627 604 1690 39
621 1647 687 1711 seq.

192 1735 278 1801 Num
288 1735 395 1824 fiterit
414 1742 587 1825 quicunque
608 1735 745 1825 loquar,
774 1743 802 1799 is
822 1736 1200 1822 sauguinemctcm',

159 1880 165 1905 ι
237 1847 272 1910 Is
294 1848 448 1910 Venerem
468 1870 487 1910 c
508 1848 620 1935 rapido
643 1857 757 1913 sentiet
775 1871 843 1912 esse
860 1857 975 1912 muri.

172 1960 293 2028 Cultus
311 1960 450 2027 Veneris
468 1961 509 2027 ad
525 1959 666 2027 Graecos
685 1961 781 2029 venit
799 1984 818 2027 a
835 1961 1072 2040 Phoenicibus,
1091 1961 1151 2049 qui
1167 1959 1253 2028 Coe·
1347 2022 1353 2030 .

122 2076 243 2140 Iestem
260 2075 441 2153 Venerem,
464 2073 558 2141 Coeli
573 2074 760 2153 dominam,
770 2075 926 2141 Asnrtni
944 2073 1109 2141 colebant.
1135 2050 1263 2142 Cultus*

124 2198 241 2252 autem
270 2184 331 2251 ille
358 2186 513 2273 primum
531 2186 692 2251 celebrari
709 2198 845 2275 coeptus
868 2187 976 2252 estin
997 2187 1119 2252 insulis
1140 2185 1255 2275 Cypro

125 2312 161 2365 et
179 2298 347 2387 Cytheris.
368 2298 449 2368 vid.
471 2298 592 2365 Herod.
618 2299 646 2363 l.
669 2301 744 2365 105.
767 2299 905 2365 Pausan.
921 2298 981 2363 Ill.
1006 2299 1059 2364 23.
1094 2298 1181 2363 Hinc
1201 2299 1256 2363 in-

126 2411 315 2499 telligitur,
336 2413 425 2478 unde
452 2411 594 2479 Coelesti
610 2412 739 2478 semine
763 2423 925 2500 prognata
942 2412 1091 2479 Venus'e
1108 2412 1197 2476 mari
1219 2411 1257 2475 in

126 2548 182 2591 eas
209 2525 364 2613 primum
394 2526 559 2614 adpulisse
588 2504 713 2590 insulas
741 2524 885 2591 dicatur.
937 2525 1036 2613 Apud
1071 2524 1256 2591 Homerum

127 2637 243 2704 Venus
264 2637 457 2703 recentioris
477 2649 526 2703 est
540 2636 707 2726 originis,
734 2651 813 2704 nata
832 2661 876 2703 ex
896 2638 974 2705 Iove
994 2649 1028 2703 et
1048 2639 1166 2704 Dione.

176 2887 210 2930 v.
234 2867 310 2930 192.
334 2850 499 2951 Κυθήροισι
525 2850 700 2953 ζαθέοισιν)
735 2866 784 2931 De
809 2865 918 2929 multa
944 2862 994 2928 ibi
1013 2863 1176 2951 religione
1193 2863 1257 2930 Ve-

128 2976 237 3055 neris,
258 2999 324 3062 quo
345 2976 493 3064 pertinet
513 2974 707 3063 epitheton,
732 2978 810 3043 vide
826 2976 1022 3042 Pausaniam
1044 2976 1071 3039 l.
1090 2998 1119 3040 c.

176 3223 208 3267 v.
243 3204 317 3269 193.
351 3191 467 3279 ἔπλητ’
498 3201 639 3287 adpulit,
675 3210 825 3281 accessit,
843 3225 866 3267 a
889 3194 996 3285 πλῆμι
1023 3198 1254 3287 adpropinquo.

128 3309 232 3381 Conf.
256 3315 298 3380 ΙΙ.
323 3314 366 3380 Θ.
390 3316 445 3380 63.
468 3317 504 3380 Ξ.
530 3317 604 3381 138.

179 3417 298 3490 ’ἔπειτα
318 3416 500 3514 περὶῤῥυτον
520 3413 612 3491 ἵκετο
628 3416 772 3515 Κύπρον)
803 3428 852 3493 De
872 3428 1001 3495 Venere
1023 3426 1178 3515 Cyprum
1202 3425 1257 3490 ad·

126 3539 276 3626 pellente
295 3536 450 3625 Hymnus
471 3552 520 3604 est
549 3539 640 3606 inter
663 3540 866 3608 Homericos.
913 3543 996 3608 Eam
1018 3541 1172 3630 primum
1191 3538 1259 3628 Cy-

127 3672 232 3737 prum
256 3650 424 3742 adpulisse
443 3651 527 3716 dicit
548 3652 777 3720 Callimachus
797 3655 837 3724 H.
852 3655 890 3721 in
903 3656 976 3721 Del.
997 3657 1050 3720 21.
1071 3654 1176 3742 magis
1194 3654 1260 3717 uti-

127 3786 193 3851 que
211 3761 449 3851 probabiliter,
465 3763 493 3827 si
508 3764 723 3831 Phoenicium
742 3766 917 3855 religionis
932 3767 1099 3854 originem
1120 3776 1256 3853 spectes:

128 3877 185 3941 sed
212 3874 373 3940 Hesiodus
402 3874 553 3942 Cronum
579 3880 735 3964 cogitasse
754 3877 888 3944 videtur
905 3900 948 3942 ex
971 3877 1083 3964 aliquo
1103 3868 1259 3943 Graeciae

128 3989 203 4053 loco
230 3988 466 4076 proiicientem
498 3975 623 4072 μήδεα,
657 4011 740 4075 quae
765 3972 852 4054 certe
879 4001 955 4077 post
985 4001 1116 4078 recepta
1142 3989 1259 4078 opinio

130 4099 200 4165 fuit
222 4101 304 4189 (vid.
328 4101 465 4167 Pausan.
491 4101 567 4168 Vll.
589 4098 673 4188 23.):
701 4125 761 4167 nec
779 4082 916 4167 fortasse
936 4101 997 4166 ille
1020 4102 1061 4167 de
1081 4113 1259 4188 propagata

130 4214 252 4278 sensim
281 4213 420 4281 Veneris
450 4213 613 4301 religione
644 4215 859 4279 traditionem
889 4225 1054 4279 accurate·
1070 4225 1260 4302 perceptam

131 4324 260 4391 habuit.
