2967 5209
207 545 229 593 Χ
674 544 861 624 sustento.

207 733 289 796 milii
303 730 443 796 nondam
456 753 492 796 se
507 730 703 798 obtulerant.
734 730 840 810 Nam,
865 749 958 820 qnan
972 732 1074 795 locnm
1084 752 1126 794 ee·
1141 728 1327 820 Chrysippi

206 858 343 948 quodam
358 859 444 924 libro
461 862 542 925 ct'tat
558 858 719 941 Galenus,
737 880 839 947 ncqne
850 856 1074 947 Theogoniae,
1091 879 1188 946 qnam
1204 856 1326 925 Gram-

206 990 321 1053 matici
334 987 564 1055 Alexandrini
581 996 801 1077 agnoverunt,
812 1011 901 1078 pars
905 990 1017 1077 faisse
1022 988 1204 1078 probatur,
1226 1009 1326 1077 neqne

204 1116 341 1180 colorem
355 1115 473 1181 tatere
491 1115 575 1179 mihi·
593 1115 729 1180 mdetnr
747 1114 963 1182 Hesiodenm.

179 1313 182 1320 ,
251 1240 399 1310 Ceteram
425 1264 530 1331 snpra
545 1242 637 1309 meta
650 1264 714 1307 non
738 1247 789 1308 sic
805 1246 916 1332 accipi
938 1243 1050 1319 celim,
1073 1245 1171 1330 qnasi
1194 1263 1323 1331 negem,

202 1391 273 1433 esse
296 1389 522 1457 norrnnnqnom
547 1374 583 1436 in
609 1369 723 1436 delata
754 1369 804 1435 ad
823 1392 883 1436 nos
915 1368 1103 1459 Theogonia
1128 1376 1220 1434 certo
1237 1371 1325 1435 satis

199 1498 466 1586 interpolationis
483 1500 536 1564 nel
552 1500 644 1565 alim
661 1500 869 1588 corruptelae
889 1499 1032 1575 indicia,
1055 1504 1114 1561 ont
1133 1518 1324 1586 repugnent,

199 1645 261 1713 qno
287 1628 395 1691 minns
423 1630 460 1689 in
490 1629 573 1692 aliis
603 1613 677 1692 bene
700 1627 814 1691 maltis
834 1628 917 1692 locis
948 1627 1099 1715 scrnpali
1116 1624 1233 1690 adesse
1254 1647 1325 1690 cen-

198 1760 348 1835 seantnr,
367 1753 416 1818 aol
429 1777 509 1842 qnos
525 1752 665 1841 infensas
682 1756 811 1843 aliquis
826 1754 918 1819 land
929 1756 1057 1818 omnino
1075 1762 1192 1817 temere
1213 1756 1250 1816 in
1265 1775 1325 1816 sn·

100 1969 104 1979 Ι
198 1881 374 1967 spc'cionem
397 1878 437 1943 de
458 1881 712 1968 interpolatione
741 1881 795 1944 nel
814 1881 932 1968 aliqua
961 1880 1149 1970 corruptela
1174 1880 1325 1946 incidat:

197 2014 322 2071 tantam
342 2006 402 2071 lsoc
426 2007 511 2090 nolo,
539 2009 753 2071 temerariam
773 2011 917 2085 esse,‘si
933 2010 1024 2095 qais,
1046 2009 1139 2073 nltra
1158 2013 1322 2098 suspicio-

196 2156 267 2199 nem
293 2135 495 2223 procedens,
521 2156 589 2223 pro
619 2143 707 2200 certo
735 2136 872 2219 liabent,
901 2135 990 2224 qnod
1010 2145 1132 2202 certam
1161 2159 1225 2201 non
1256 2140 1321 2214 sit,

196 2284 298 2350 neqsce
322 2271 500 2328 etcertum
521 2263 747 2328 demonstrari
764 2286 906 2352 nnqnam
919 2265 1045 2352 possit.
1097 2262 1201 2349 (lnam
1218 2265 1323 2328 labri-

195 2407 265 2454 enm
294 2397 402 2453 antem
429 2392 476 2452 sit
499 2410 589 2453 omne
609 2411 709 2477 snper
724 2411 762 2452 re
784 2398 851 2454 tam
868 2393 1006 2477 antiqno
1025 2399 1059 2455 et
1078 2394 1204 2455 incerta
1225 2391 1321 2456 indi-

195 2520 299 2598 einm,
316 2520 417 2582 etiam
437 2517 514 2580 ltine
534 2516 655 2605 liquet,
678 2516 778 2603 qnod,
806 2520 866 2604 qni
882 2525 959 2579 sunt
980 2522 1124 2583 manime
1142 2518 1192 2583 aol
1210 2522 1321 2583 inter-

187 2648 375 2733 polationes
397 2645 450 2709 nel
465 2648 585 2710 corias
604 2645 810 2709 recensiones
828 2642 1055 2708 admittendas
1071 2649 1192 2733 proni,
1223 2649 1321 2733 inque

196 2775 254 2838 lmo
273 2775 524 2849 consentientes,
544 2780 685 2838 ceternm
701 2780 809 2837 tamen
827 2789 1026 2863 magnopere
1044 2776 1133 2836 inter
1142 2795 1178 2837 se
1185 2776 1323 2838 variant

193 2865 383 2984 sententiis,
406 2920 505 2987 saepe
521 2900 590 2964 olio
604 2905 721 2977 tnente,
743 2898 832 2986 qnod
839 2898 929 2963 alins
945 2902 1075 2982 reiicit,
1097 2903 1321 2965 recensionem

193 3033 290 3095 etiem
314 3050 482 3095 numeram
509 3036 541 3093 et
569 3029 731 3093 rationem
758 3028 862 3092 aliter
878 3026 1049 3111 deliciante
1070 3029 1151 3094 alio.
1197 3027 1347 3118 Itaqne·

192 3161 264 3246 ipse
279 3157 410 3223 tandem
424 3180 460 3222 eo
469 3156 592 3235 deveni,
608 3163 647 3220 nt
661 3155 793 3220 mallem
803 3159 839 3218 in
849 3177 957 3222 eornm
966 3156 1093 3222 indicio
1102 3160 1320 3244 acquiescere,

152 3325 169 3354 ι
192 3291 251 3376 qni
274 3284 511 3375 Theogoniam,
543 3293 580 3350 nl
611 3306 695 3349 nnnc
725 3293 853 3368 exstat,
885 3306 954 3374 pro
978 3286 1074 3374 longe
1092 3289 1218 3352 maiori
1234 3296 1322 3353 certe

113 3479 119 3490 ,
185 3422 290 3501 porte
313 3415 354 3480 ab
379 3411 527 3479 Hesiodo
547 3415 734 3503 profectam
764 3422 976 3478 censuerunt:
998 3436 1095 3502 qnam
1124 3419 1319 3481 sententiam

183 3545 263 3629 fere
293 3540 451 3606 Veterum
472 3539 586 3626 faisse
618 3547 665 3605 tot
693 3541 734 3605 ol
763 3542 812 3603 iis
840 3561 882 3604 en
907 3562 944 3604 eo
959 3543 1109 3604 carmine
1133 3545 1232 3607 citati
1255 3544 1270 3606 l
1314 3547 1320 3559 '

191 3679 350 3757 arguant.
395 3667 554 3757 diligens
574 3668 712 3757 pridem
734 3669 875 3755 siceram
902 3672 937 3732 in
962 3671 1174 3735 citationibus
1196 3674 1243 3735 iis
1271 3672 1321 3736 ad

191 3821 282 3862 snnm
314 3819 472 3887 qnamqae
502 3800 663 3863 carminis
691 3797 795 3862 locam
825 3797 1046 3864 adnotandis:
1087 3821 1220 3886 cnmqne
1254 3822 1318 3864 non

190 3931 298 3991 minas
327 3928 474 4017 diligens
501 3930 538 3992 in
559 3948 600 3992 aa
632 3947 671 3990 re
679 3926 811 4013 fnisset
829 3924 1071 4010 Micetnellins,
1090 3929 1163 3991 eins
1181 3928 1316 4014 vulgato

190 4055 275 4120 libro
298 4057 454 4120 mnstitit
469 4054 569 4132 mihi,
592 4056 841 4141 comparatione
856 4054 979 4141 sacta,
999 4075 1062 4118 non
1082 4057 1151 4119 assi
1164 4075 1313 4144 papan·

156 4247 159 4258 ,
190 4205 246 4249 cos
266 4186 319 4250 nel
333 4205 383 4249 me
394 4183 552 4258 velillum
560 4183 712 4272 fulgine.
764 4178 969 4269 Consequens
974 4179 1069 4266 finit,
1087 4189 1123 4245 at
1133 4226 1145 4265 ,
1167 4181 1314 4247 collectis

190 4313 387 4391 satiendas,
425 4332 513 4400 qtme
542 4309 628 4375 milii
644 4330 714 4397 pen
746 4308 812 4374 illa
839 4305 879 4373 V
876 4314 1000 4372 etatem
1021 4312 1182 4375 sententia
1193 4307 1315 4394 faeere
