2967 5209
473 474 505 519 rr
529 472 652 519 nnstont
676 473 890 521 rnnoconnn.
1173 448 1244 527 287

119 666 186 732 que
199 644 395 731 exemplum
417 643 472 709 lrlo
493 641 662 723 habemus,
683 645 711 709 si
730 658 967 712 construamus·
982 639 1112 711 τῖτοιοτο
1132 635 1247 735 {petreio

119 741 242 821 vetto
272 763 415 845 exigeret
438 754 559 819 debitas
570 754 657 842 filus
686 744 759 844 (ode
782 751 938 825 κατέπινε
962 751 1043 848 μέγ.
1067 759 1121 848 Κρ.
1145 748 1247 851 ἄγοι.)

119 882 152 935 et
175 876 332 935 immissos
362 879 454 960 quast
484 870 524 935 ab
555 878 595 934 its
612 894 738 959 poenos
768 862 892 959 πάτρος
918 863 981 938 ἑοῖο
1005 879 1152 959 parentis
1178 884 1246 951 sui,

121 982 232 1071 posito
261 972 322 1048 ἑοῖο
353 983 416 1062 sio,
448 994 487 1051 ut
502 965 596 1072 ”Epo
627 987 681 1051 58.
727 983 792 1052 Sed
812 985 918 1052 effecit
945 985 1141 1075 impeditior
1165 984 1265 1052 oon·'

119 1092 277 1171 structio,
303 1104 344 1158 ut
370 1093 574 1160 offenderent
604 1095 679 1164 VV.
705 1098 776 1166 DD.
795 1099 835 1163 ed
852 1098 888 1166 h.
911 1098 935 1164 l.
960 1086 1090 1187 Ἀνδρος
1107 1089 1169 1165 ἑοῖο
1185 1122 1249 1188 pro

119 1195 246 1293 ποτμος
268 1207 446 1295 legendum
467 1207 595 1273 censuit
612 1207 774 1297 Guyetus,
798 1211 854 1276 cui
871 1233 955 1276 mox
969 1199 1091 1278 τοῖδων
1105 1213 1250 1300 pendere
1325 1192 1328 1204 ¹

119 1317 234 1385 risum
263 1317 304 1383 ob
330 1319 502 1386 intellecto
531 1306 636 1385 ἕνεκα.
683 1321 888 1389 Confirmsri
915 1325 1017 1412 possit
1039 1325 1104 1390 hoc
1127 1324 1248 1391 Home·

119 1430 193 1496 rico
218 1429 258 1496 ΙΙ.
283 1430 320 1497 Γ.
343 1433 418 1499 366.
444 1420 598 1500 eteocle
622 1424 837 1525 Ἀλέξανδρον
858 1426 1049 1518 κακότητος.
1095 1436 1140 1504 At
1161 1449 1249 1503 certe

121 1564 195 1608 non
215 1542 464 1610 sollicitandum
488 1536 630 1634 πατρὸς,
652 1546 740 1632 quod
763 1567 878 1612 omnes
899 1545 1026 1613 hebent
1044 1546 1149 1616 Codd.
1182 1548 1248 1615 No·

120 1666 232 1722 tetum
259 1655 391 1745 lleynio
410 1680 544 1725 versum
567 1660 631 1725 473
658 1657 791 1724 uncinis
811 1658 975 1723 inclusere
1001 1657 1116 1728 Wolf.
1142 1657 1247 1726 Gsisf.

119 1768 224 1837 Dind.
246 1770 337 1836 etin
357 1772 452 1838 alter.
473 1772 535 1838 Ed.
558 1771 683 1839 Goettl.
716 1770 774 1837 Fit
789 1770 914 1858 utique,
934 1784 1064 1839 remoto
1078 1774 1152 1852 illo,
1171 1774 1249 1861 ple·

118 1882 200 1949 nior
221 1885 434 1964 constructio,
454 1887 608 1973 quumvis
625 1888 673 1951 sic
692 1908 825 1974 quoque
841 1885 984 1951 dubium
999 1888 1142 1966 monent,
1163 1887 1250 1953 sitne

119 1997 221 2086 pueri
247 2009 343 2086 peter
364 1997 512 2077 Cronus',
545 2021 589 2064 nn
609 1998 722 2065 Rhene
747 2009 842 2086 pater
862 1997 996 2065 Vronus
1012 1999 1250 2088 intelligendus

119 2104 224 2197 (conf.
255 2132 355 2198 supro
382 2108 649 2199 v.185.210.):
679 2110 732 2176 sed
765 2131 899 2177 versum
919 2123 1101 2198 agnoscunt
1123 2110 1248 2202 Scripti

118 2220 189 2286 mei
210 2221 346 2309 quidem
372 2244 501 2300 omnes,
526 2233 709 2311 potestque,
731 2223 786 2287 vel
802 2232 931 2286 servato
951 2222 1025 2302 illo,
1048 2214 1172 2312 temple
1184 2216 1248 2290 ἑοῖο

119 2356 179 2413 eo,
206 2356 272 2420 quo
300 2333 470 2415 diximus,
500 2333 634 2401 referri.
689 2333 917 2399 Retinendum
946 2334 1087 2401 omnino
1114 2358 1247 2403 versum

119 2446 250 2512 censuit
269 2446 480 2515 Hermennus
501 2449 540 2515 in
560 2447 656 2517 Ceus.
674 2445 872 2535 Goettling„
885 2458 1033 2514 ceterum
1047 2450 1088 2514 de
1098 2451 1249 2538 genitivo

119 2546 243 2626 τοῖδωο
264 2559 356 2627 nihil
376 2560 528 2638 monuit,
559 2561 669 2627 nescio
692 2583 754 2639 nn,
780 2559 870 2647 quod
894 2559 1052 2627 hactenus
1079 2560 1248 2629 Goettlin·
1321 2632 1324 2639 ,

118 2673 218 2762 gium
247 2671 419 2761 probaret,
451 2696 530 2738 oum
554 2672 688 2762 Guyeto
711 2684 746 2739 et
767 2673 806 2738 L.
840 2672 975 2740 Burleeo
1001 2672 1248 2765 intelligentem

121 2772 228 2851 ἕνεκα.
261 2781 456 2851 Genuinum
479 2805 613 2848 versum
632 2783 735 2848 etism
758 2782 786 2846 l.
811 2781 851 2848 H.
875 2782 1009 2849 Vossius
1028 2783 1158 2866 hnbuit,
1173 2787 1268 2853 red·.

119 2898 212 2977 dens,
235 2896 358 2985 stmjirn
380 2896 431 2959 dte
456 2895 638 2960 schretende
664 2895 733 2959 tlsut
756 2893 813 2958 des
838 2895 1038 2982 Erzeugers,
1063 2896 1117 2960 Da
1138 2920 1175 2960 er
1196 2899 1248 2963 dte

122 3009 248 3074 Ktnder
272 2984 468 3095 corcellang.
513 3004 646 3073 Scilicet
668 3007 729 3072 ille
751 2997 875 3093 πατρὸς
901 2992 1014 3093 ἐρινοῖς
1035 3006 1082 3072 sic
1102 3010 1246 3099 occepit,

121 3133 162 3187 ut
182 3121 267 3186 olim
287 3106 326 3186 L.
344 3118 516 3199 Burlaeus,
539 3142 583 3186 ex
603 3117 769 3206 Hesychio
789 3140 959 3207 exponens
981 3108 1159 3207 οὶμοορτῖος.
1195 3120 1246 3187 si-

120 3233 254 3299 militer
283 3231 415 3320 lleynio
438 3233 478 3298 ad
506 3232 546 3299 ll.
571 3230 610 3295 Φ.
635 3233 711 3299 412.
734 3217 847 3319 ἓροονῦο
870 3230 925 3296 hic
946 3245 1025 3298 sunt
1051 3231 1156 3301 Croni
1180 3234 1248 3300 im·

121 3346 276 3425 munitus,
295 3344 418 3412 liberos
438 3346 646 3424 devorantis,
669 3357 703 3411 et
724 3345 763 3411 in
781 3345 872 3411 hunc
893 3367 1027 3412 sensum
1044 3370 1176 3436 quoque
1187 3372 1247 3415 un·

120 3459 310 3549 tiquiorum
340 3458 564 3547 interpretum
595 3458 748 3547 plerique
761 3459 876 3546 sorios
893 3468 1001 3545 patris
1024 3473 1135 3525 contro
1151 3462 1248 3549 filios

120 3571 304 3640 reddidere.
351 3569 672 3660 Dubitoequidem,
702 3594 746 3638 en
769 3582 868 3640 recte.
913 3571 1041 3637 Locum
1069 3585 1157 3639 certe
1179 3556 1248 3641 lle·

120 3700 235 3753 terum
254 3685 419 3763 desidero,
443 3684 567 3774 inquo
587 3686 787 3754 vocabulum
812 3707 848 3750 ee
868 3684 1111 3773 significatione
1127 3699 1244 3754 exstet.

119 3801 272 3888 Namque
302 3799 340 3865 in
363 3797 537 3877 omnibus,
569 3822 651 3888 quos
675 3798 825 3877 contuli,
858 3784 973 3885 ἔριοοῦο
994 3808 1051 3875 est,
1071 3798 1125 3864 vel
1144 3797 1247 3888 impii

120 3912 281 3980 facinoris
302 3912 428 3981 vindex
451 3913 537 3991 Dee,
562 3914 616 3978 vel
635 3935 741 4001 poeno
766 3910 866 3999 impii
887 3909 1055 3990 facinoris,
1078 3934 1146 3977 non
1164 3909 1246 3978 faci·

120 4051 187 4094 nus
213 4027 338 4116 ipsum.
394 4025 508 4113 ltaque
530 4027 777 4115 expediendum
798 4027 910 4092 locum
930 4027 1043 4114 potins
1064 4048 1117 4105 en,
1143 4047 1244 4113 quom

120 4163 223 4232 snpra
241 4142 327 4223 dixi,
349 4141 594 4209 constructione
610 4164 771 4209 censeam.
817 4140 921 4207 Venit
938 4152 1050 4209 temen
1066 4140 1246 4230 aliqnando

121 4254 214 4321 mihi
236 4255 274 4361 in
294 4236 454 4338 mentem,
472 4278 504 4323 v.
531 4256 607 4322 ets.
629 4257 806 4345 legendmn
829 4277 895 4321 esse
916 4242 1037 4322 weitos
1059 4241 1088 4321 θ’
1110 4237 1164 4327 οὖς
1183 4274 1244 4322 κο·
