2967 5209
487 514 518 559 ns
543 512 668 562 unioni
691 512 904 562 morosus.
1138 556 1145 579 „
1182 490 1253 568 ³⁰7

179 701 212 745 v.
235 681 309 747 5⁴0.
335 671 440 747 ὀστέα
462 673 567 749 λευκὰ
590 673 630 768 β
657 672 687 750 d.
712 645 740 748 ἐ.
768 704 799 750 τ.
825 708 868 751 ex
894 685 957 750 hoc
980 706 1076 750 versu
1099 697 1133 751 et
1154 685 1255 753 verbs

126 781 250 880 &pseu
274 781 367 881 δημῷ
388 815 432 860 ex
455 806 610 882 sequente
637 796 787 863 citantur
815 821 834 862 s
866 796 974 863 Clem.
1007 799 1105 864 Alex.
1128 797 1253 887 Suom.

124 904 206 971 VII.
229 928 264 994 p.
290 909 366 975 716.
390 906 460 974 C..

172 1150 205 1195 v.
231 1132 308 1198 541.
340 1119 506 1204 εὐθετίσας
527 1135 552 1199 i.
576 1156 605 1200 e.
629 1146 698 1200 tem
721 1136 803 1201 scite
825 1135 994 1224 dispositis
1016 1137 1190 1215 omnibus,
1215 1150 1254 1202 ut

119 1266 197 1309 osse
218 1245 354 1332 ponitus
374 1246 519 1311 laterent
539 1245 601 1312 sub
623 1248 752 1315 arvina.
1180 1310 1182 1317 ,

102 1412 111 1419 .
176 1343 337 1437 καλύψω
353 1344 474 1446 ἀργέτι
489 1344 584 1447 δημῷ
605 1382 650 1426 ex
667 1361 703 1427 h.
727 1363 754 1428 1.
772 1362 856 1428 oitst
877 1361 1015 1429 Lucisn.
1035 1363 1073 1430 in
1088 1362 1201 1430 Prom.
1221 1386 1252 1429 o.
1299 1368 1302 1375 '

119 1472 161 1535 3.
198 1469 347 1558 Respicit
365 1471 456 1538 idem
474 1472 590 1537 losum
607 1473 648 1539 D.
671 1474 713 1539 D.
734 1476 764 1539 1.
787 1472 1076 1542 delitescens.
1097 1497 1126 1542 o.
1145 1474 1199 1541 26.
1220 1486 1254 1540 et

118 1579 179 1647 Ad
193 1603 295 1708 pum,
315 1583 375 1670 qui
390 1583 501 1651 dissiti
524 1583 635 1648 Prom.
658 1607 691 1649 es
715 1585 753 1649 in
775 1583 866 1651 verb.
885 1607 914 1651 o.
937 1588 969 1655 7.
997 1584 1098 1653 Cous.
1119 1586 1254 1652 Proolus

64 1704 67 1709 '
118 1693 167 1758 sd
184 1680 280 1782 Ἐργ.
302 1718 336 1761 v.
362 1696 414 1762 48.

170 1943 204 1986 vi
230 1922 305 1989 sto.
330 1920 488 1987 Liberam
511 1922 585 1988 Iovi
606 1924 781 2012 optionem
799 1925 1029 2011 permittendo
1045 1920 1156 1992 voluit
1174 1925 1239 1991 Pus

114 2033 280 2100 metheus
296 2033 399 2100 etism
416 2034 459 2100 de
478 2056 513 2100 se
533 2035 696 2122 querendi
709 2034 958 2109 facultatemei
972 2038 1173 2126 praeripere,
1193 2039 1254 2125 qui

115 2168 204 2213 sene
222 2143 378 2212 fraudem
396 2168 472 2213 eum
490 2148 585 2213 ultus
604 2170 672 2213 non
691 2156 751 2227 est,
774 2149 828 2214 sed
847 2149 986 2214 dunum
1007 2148 1051 2214 ob
1071 2149 1160 2236 ignis
1176 2147 1253 2214 fur·
1376 2148 1380 2165 '

115 2274 201 2325 tum
219 2278 341 2347 poenes
361 2259 403 2324 de
424 2259 624 2327 Prometheo
644 2260 776 2325 sumsit.
1344 2261 1349 2271 '

166 2507 202 2553 v.
216 2488 293 2553 ott.
318 2486 359 2550 In
380 2473 450 2574 yssi
470 2474 517 2571 ῤ’,
541 2472 609 2552 otid’
619 2473 771 2575 ἠγνοίησε
795 2472 888 2553 itm
910 2507 980 2551 non
999 2438 1105 2552 otiosa
1117 2497 1166 2552 est
1179 2498 1253 2553 teu·

116 2597 261 2688 tolegiu-
304 2597 405 2668 Vslet
428 2599 540 2665 enim:
562 2598 678 2678 novit,
700 2620 824 2687 neque,
846 2608 886 2664 ut
905 2598 1123 2665 Prometheus
1143 2621 1253 2689 spere·
1346 2692 1349 2709 ι

116 2722 235 2789 verat,
260 2710 441 2799 ignoravit.
488 2711 533 2777 At
551 2732 631 2778 vem
648 2710 739 2778 illud
757 2733 828 2777 non
842 2733 906 2800 pro
919 2710 1037 2778 divine
1052 2712 1254 2801 cogitatione

115 2822 237 2890 fsoiue
268 2822 400 2903 lovem,
432 2823 487 2888 sed
516 2845 550 2888 se
571 2822 681 2912 desipi
704 2846 839 2911 pessum
861 2846 880 2888 s
900 2823 1118 2903 Prometheo,
1149 2824 1254 2889 trudit

115 2937 278 3025 Hyginus
297 2937 323 3001 1.
349 2959 378 3001 o.

165 3180 224 3226 vv.
253 3160 319 3226 566
339 3178 405 3246 seq.
431 3168 595 3246 stupentes
614 3157 735 3224 habuit
759 3157 932 3246 Heynius,
952 3158 1041 3246 quod
1064 3181 1134 3226 osse
1153 3159 1251 3226 vieti·

115 3294 258 3341 merum
284 3275 323 3338 in
345 3268 412 3338 sris
437 3283 647 3339 sennensis
673 3294 814 3360 usquam
835 3269 955 3351 fuisse,
988 3274 1097 3362 legere
1119 3292 1152 3338 se
1182 3297 1252 3341 non

115 3386 340 3454 meminisset.
386 3382 580 3451 Invalidum
598 3385 663 3450 hoc
675 3395 913 3473 argumentum
934 3386 1057 3451 merito
1074 3387 1253 3453 insectatus

116 3512 168 3567 est
192 3500 221 3565 I.
246 3499 288 3565 H.
308 3499 443 3568 Vossius
463 3500 549 3587 Epp.
572 3496 787 3586 Myth01.11.
808 3522 844 3587 p.
861 3501 939 3566 308.
968 3499 1107 3580 Locum,
1130 3514 1171 3567 ut
1186 3500 1252 3567 He·

117 3615 225 3693 siodi‚
249 3614 333 3680 citet
353 3612 460 3681 Glem.
482 3613 581 3681 Alex.
600 3612 726 3680 Suom.
746 3612 823 3682 Vn.
841 3637 875 3702 p.
896 3615 985 3695 304„
1007 3627 1083 3681 tum
1099 3626 1133 3680 et
1156 3638 1193 3682 es
1208 3638 1252 3683 ex

118 3727 334 3806 rhenense,
369 3727 553 3793 Menandro
583 3727 725 3815 aliisque
757 3726 865 3815 potitis
889 3723 1019 3805 adfert,
1049 3726 1139 3791 unde
1161 3738 1252 3792 serto

118 3842 268 3931 oolligss,
294 3841 435 3907 omnino
462 3839 534 3907 Diis
551 3851 759 3907 concremate
784 3838 886 3906 fuisse
904 3862 993 3917 ossa,
1013 3860 1096 3926 quse
1118 3827 1252 3924 trum

119 3956 201 4021 adeo
229 3955 331 4024 fuisse
349 3954 433 4020 dicit
456 3953 603 4020 insertus
621 3957 721 4044 poits
738 3953 827 4042 spud
849 3953 957 4020 Clem.
978 3951 1012 4017 d.
1033 3953 1058 4018 l.
1080 3952 1249 4039 Porphyr.

119 4044 317 4135 sennen.
338 4062 381 4137 11.
405 4070 492 4156 §ss
506 4066 634 4155 Cyrill.
655 4066 730 4133 osv.
746 4066 917 4133 usuum
940 4066 998 4131 ut
1021 4088 1055 4153 p.
1079 4066 1155 4131 sos.
1186 4063 1251 4130 uso

119 4191 248 4246 temere
267 4195 328 4261 est,
350 4182 441 4271 quod
464 4171 564 4267 μηρία
584 4176 809 4247 Grammatiei
832 4169 881 4244 ris
904 4171 1039 4266 pupinia
1062 4165 1174 4258 ὅσσά,
1196 4177 1250 4247 sel

122 4279 171 4355 rs
201 4279 240 4357 is
269 4290 330 4360 τῶν
358 4282 465 4382 μηρῶν
490 4282 700 4381 ἐξαιρούμενοι
724 4285 781 4358 κα)
804 4280 1050 4379 ἱεροθυτσῦμενα
1072 4280 1163 4357 tres
1192 4293 1251 4359 in·

1031 4402 1110 4475 20*
