2967 5209
289 480 361 555 274
706 505 945 553 eouunnmnvs

287 678 449 745 Veterum
473 677 609 763 quidam
630 677 842 765 interpretati
864 688 944 741 sunt
964 685 1158 763 operantem
1182 676 1218 738 in
1239 678 1307 739 a'ere
1327 675 1383 742 foe·

286 788 429 853 cundam
459 791 549 865 vim,
584 799 666 855 teate
696 787 808 855 schol.
831 786 987 854 Cantabr.
1014 788 1055 852 ad
1074 810 1107 855 v.
1133 788 1208 854 404.
1252 789 1381 854 Forsitan

286 903 475 990 comparari
507 903 612 990 posuit
648 903 849 969 Latinorum
878 901 961 966 Cous
990 926 1016 969 s.
1044 900 1166 981 Cotus,
1189 902 1274 988 quod
1294 900 1383 989 poitia

285 1038 348 1105 pro
372 1016 463 1081 eoelo
490 1028 690 1104 usurpatum
717 1015 819 1082 fuisse
843 1027 939 1083 notat
959 1017 1073 1083 Festus
1097 1038 1131 1084 v.
1157 1015 1282 1080 Collum.
1301 1011 1382 1080 Cous.

286 1127 449 1194 Hesaeliua
470 1129 511 1193 ad
533 1130 638 1195 Ennii
660 1131 858 1219 Fragmenta
881 1153 915 1219 p.
936 1133 1009 1197 133.
1044 1122 1135 1193 Κοῖον
1162 1127 1323 1191 Turbulum
1336 1147 1382 1190 ex·

285 1242 384 1329 ponit
406 1240 617 1307 Hermannus
639 1242 762 1332 Opuse.
787 1244 830 1310 11.
854 1266 888 1332 p.
914 1246 999 1322 175„
1016 1264 1081 1330 qua
1098 1242 1237 1318 ratione,
1257 1261 1320 1304 non
1333 1238 1382 1303 ad·

284 1375 414 1439 sequor,
437 1376 517 1419 cum
536 1348 627 1426 Κοῖος
648 1356 737 1422 haud
754 1356 855 1422 dubie
867 1357 912 1422 sit
925 1379 944 1421 a
958 1346 1040 1437 κὸω,
1061 1355 1117 1419 cui
1139 1352 1239 1421 verbo
1258 1349 1381 1415 turbandi

284 1466 484 1554 significatio
506 1469 614 1534 tribui
635 1471 762 1557 nequit.
791 1470 877 1539 Vtut
900 1481 963 1549 eat,
986 1470 1088 1534 huius
1105 1469 1153 1533 sio
1167 1466 1248 1533 dicti
1258 1464 1314 1531 Dei
1329 1462 1381 1527 nisi

282 1578 419 1667 religio,
444 1593 532 1646 certe
554 1582 719 1647 memoria
740 1582 802 1646 diu
825 1582 969 1670 vig-uisse
988 1581 1124 1648 videtur
1138 1582 1176 1647 in
1199 1578 1310 1667 Aegaei
1325 1597 1380 1639 ma·

282 1692 329 1757 ris
346 1691 484 1772 insulis,
507 1707 546 1759 ut
564 1694 647 1758 item
664 1694 807 1761 Asteries
826 1707 859 1761 et
881 1697 1044 1775 Latonae,
1067 1718 1211 1783 quarum
1231 1693 1305 1758 haec
1319 1711 1379 1777 prs·

190 1803 196 1817 ’
282 1804 363 1882 aim,
388 1817 542 1893 epatre,
567 1798 660 1872 Kriou
700 1796 815 1895 γένος,
845 1795 971 1888 Kocn'i’c,
1001 1799 1185 1896 Κοιογενὴς,
1220 1797 1379 1892 Κοιογένεια
1431 1824 1432 1897 }

141 1968 145 1975 .
281 1915 507 2003 dictalConf.
538 1918 675 1984 Pindari
706 1917 827 2007 fragm.
851 1921 939 2008 apud
960 1919 1114 1986 Strabon.
1136 1920 1179 1986 Χ.
1207 1941 1240 2007 p.
1264 1913 1377 1983 70311

282 2027 420 2095 Gallim.
448 2030 489 2097 H.
518 2032 555 2096 in
578 2035 641 2119 Ap.
664 2031 718 2096 62.
741 2031 783 2098 Η.
807 2036 851 2097 in*
861 2034 934 2099 Del.
956 2036 1029 2098 150.
1051 2032 1212 2121 Apollon.
1232 2030 1333 2096 Rhod.
1344 2027 1376 2091 11.

282 2142 357 2207 712.
379 2141 521 2209 Ovidius
541 2142 601 2211 VI.
626 2143 706 2210 Met.
733 2147 809 2210 366.
833 2145 967 2210 Tacitus
977 2145 1065 2212 Ann.
1090 2143 1375 2213 XII.61.Pausan.

281 2254 338 2322 IV.
361 2257 414 2320 33.
461 2255 614 2322 Phoeben
636 2279 700 2344 pro
723 2259 819 2323 Luna
834 2259 956 2346 passim
979 2258 1094 2324 Latini
1107 2257 1241 2349 dixere,
1262 2255 1376 2321 Graeoo·

279 2393 357 2434 rum
379 2371 470 2436 haud
492 2371 593 2437 dubie
622 2373 833 2452 imitatione,
858 2394 1058 2460 quamquam
1080 2376 1179 2438 'nune
1199 2372 1375 2439 Graecorum

279 2485 434 2571 exempla
453 2484 566 2548 minus
584 2496 727 2549 exstant.

323 2732 355 2775 v.
381 2709 457 2774 404.
484 2697 605 2792 Φοίβης
627 2711 719 2775 aviae
736 2712 919 2777 secunaum
937 2712 1117 2779 Hesionam
1138 2709 1258 2776 moen
1277 2700 1375 2793 (Apot-

278 2818 372 2907 linis)
398 2821 557 2886 meminit
585 2823 702 2910 Etym.
723 2823 771 2890 M.
792 2847 823 2889 v.
848 2813 961 2908 Φοίβη.

323 3069 355 3113 v.
383 3050 458 3114 406.
482 3036 719 3129 κυανόπεπλον,
733 3056 827 3136 nigro
835 3049 932 3137 peplo
948 3049 1100 3128 indutam,
1118 3033 1330 3137 'probabiliter
1342 3031 1374 3097 ad

278 3160 415 3226 Noctem
448 3158 590 3238 referas,
623 3171 663 3225 ut
698 3161 814 3226 eodem
845 3162 1013 3249 pertinere
1043 3160 1221 3227 videantur
1248 3150 1373 3242 epitheta
1431 3208 1432 3237 ἦ

277 3262 383 3352 111000,
407 3263 576 3362 μέἱλιχθς,
603 3262 740 3360 ἤγανθς,
762 3296 840 3340 cum
858 3286 891 3338 et
910 3297 981 3339 nox
996 3265 1129 3359 εὐφρόνη
1142 3272 1276 3339 dicatur.
1292 3253 1372 3329 Coris·

278 3384 473 3449 Eustathius
495 3384 536 3447 ad
558 3383 600 3449 Il.
624 3384 664 3450 A.
690 3387 744 3450 36.

322 3632 354 3675 v.
381 3611 445 3676 408
468 3631 553 3697 seqq.
583 3609 726 3676 Phoebes
748 3623 782 3676 et
804 3611 883 3677 Coei
904 3611 1014 3676 filiam
1036 3608 1201 3675 Asterium
1221 3602 1373 3684 ooniugem
1431 3592 1432 3661 ἐ

278 3724 435 3811 accepisse
456 3722 604 3787 traditur
626 3724 751 3802 Perses,
775 3725 867 3790 haud
889 3726 1070 3813 incongrue
1090 3720 1252 3813 profecto,
1272 3712 1298 3777 si
1310 3709 1372 3774 Per·

276 3853 328 3901 sae
359 3835 498 3901 nomine
521 3834 607 3901 Solis
630 3838 740 3925 aliqua
764 3838 833 3915 vis,
862 3860 917 3902 sou
940 3838 1050 3905 virtus
1077 3834 1289 3926 significetur:
1310 3833 1371 3885 tum

275 3948 359 4013 itam
382 3959 457 4036 apte
479 3947 533 4012 his
555 3949 750 4036 parentibus
773 3960 851 4014 nata
872 3948 1013 4037 fingitur
1035 3949 1162 4014 Hecate.
1208 3944 1306 4031 Persoe
1323 3929 1370 3993 ‘¹⁰‘

276 4082 373 4125 mum
399 4059 501 4125 duxit
530 4061 695 4127 Asturiam
722 4048 841 4148 (ὥστε)
865 4053 963 4145 <pianr
988 4048 1163 4140 κέκλησθαι
1187 4047 1318 4124 ἄκοιτιν)
1343 4046 1370 4100 ⁸²

277 4186 438 4236 vocaretur
457 4182 573 4238 coniux
596 4173 642 4262 (v.
669 4171 758 4261 410.)
781 4173 805 4240 i.
826 4196 855 4241 e.
879 4186 919 4239 ut
939 4175 1008 4240 eiua
1031 4175 1156 4239 coniux
1177 4177 1262 4233 esset.
1284 4143 1366 4223 Conf·

276 4261 1367 4353 urmnnmmmmnmrmffi
