2967 5209
436 538 468 582 m
493 520 617 583 ursioni
642 536 856 584 rssoooruu.
1038 502 1041 508 ⁵
1152 509 1222 584 177

94 696 199 790 ἑαυτῇ
221 715 336 768 ortum
360 704 442 770 hinc
461 707 606 785 videtur,
625 707 714 794 quod
735 707 773 771 in
799 720 888 772 terra
908 707 1024 795 positis
1046 708 1088 772 ad
1109 709 1222 772 oculo·

90 839 173 881 rum
205 838 337 880 sensum
360 839 404 881 ex
424 817 495 882 eius
519 841 577 884 ora
601 830 752 883 extrema
782 820 874 906 quasi
907 820 1022 907 prodit
1045 830 1142 906 atque
1164 823 1223 901 ert·
1322 854 1327 862 1

91 929 204 1017 surgit
230 927 389 1008 Coelum,
421 942 460 994 ut
481 931 564 996 item
587 932 628 997 ad
655 933 831 996 oculorum
852 922 990 998 sensmn
1010 945 1058 997 est
1080 918 1150 1003 ἶσος
1175 926 1223 1019 Γῇ

92 1032 239 1129 Οὐρανὸς
260 1053 310 1118 et,
331 1065 395 1128 qus
417 1054 507 1109 terra
520 1055 629 1131 patet,
645 1067 747 1131 supra
770 1067 843 1110 eam
863 1056 911 1109 est
926 1045 1078 1113 Coelum.
1104 1046 1222 1112 Talem

93 1167 208 1222 eutem
233 1156 336 1220 Terra
359 1146 498 1243 Οὐρανὸν
519 1158 654 1245 genuit,
678 1144 733 1222 ‘bu
759 1153 996 1245 repensatore
1019 1178 1075 1245 μιν
1098 1147 1223 1247 (κατὰ)

91 1254 231 1348 πάντα,
267 1279 305 1331 ut
329 1288 401 1332 eam
434 1289 565 1356 quaqua
593 1292 706 1337 versus
731 1281 872 1359 tegeret,
897 1271 1081 1359 obtegeret,
1109 1284 1221 1362 prote-

91 1392 185 1468 geret
203 1391 362 1467 tanquam
384 1372 532 1466 tudvssb,
557 1395 597 1447 ut
618 1383 664 1448 sic
687 1395 767 1449 esset
784 1407 913 1472 semper
934 1395 1010 1448 tum
1031 1384 1222 1473 Olympum

92 1493 325 1560 obtinentibus
345 1493 389 1584 (v.
410 1496 497 1578 117),
519 1508 594 1561 tum
615 1498 701 1576 aliis,
720 1498 916 1563 memoratis
936 1497 1038 1577 infra,
1058 1498 1132 1564 Diis
1150 1481 1225 1564 tuta

93 1609 137 1674 in
164 1607 232 1695 ipsi
264 1608 351 1673 sedes
372 1609 417 1692 (v.
441 1609 503 1673 127
529 1605 608 1697 seq.)
655 1610 782 1675 Deinde
802 1610 906 1675 Terra
925 1609 1074 1698 genuisse
1094 1610 1224 1675 Montes

96 1721 222 1787 dicitur
245 1745 277 1786 v.
301 1725 374 1788 129.
423 1721 555 1788 Scilicet
578 1723 619 1788 ad
643 1724 821 1788 oculorum
841 1722 923 1787 item
944 1744 1075 1786 sensum
1099 1723 1223 1788 editis

95 1835 200 1899 Terra
219 1857 252 1899 se
273 1836 437 1900 attollunt
456 1848 602 1912 montes,
622 1857 729 1922 neque
750 1847 808 1914 est,
828 1845 866 1898 ut
892 1835 933 1899 de
951 1834 1136 1900 laborantis
1157 1847 1225 1899 ter·

94 1969 153 2012 rae
179 1958 277 2012 motu
304 1959 435 2012 montes
465 1948 581 2013 edente
602 1948 800 2035 cogitemus,
832 1947 959 2034 quippe
978 1968 1062 2033 quae
1083 1947 1224 2035 physica

95 2061 192 2126 notio
222 2060 284 2126 vix
318 2061 424 2126 adesse
449 2063 566 2149 poitae
601 2060 642 2124 ab
670 2060 879 2148 experientia
911 2061 1080 2148 potuerit,
1111 2062 1227 2125 minus

96 2174 220 2264 etiam,
250 2185 290 2238 ut
318 2176 459 2261 opinor,
493 2173 695 2239 adoctrina.
753 2172 843 2237 Dicit
871 2164 984 2237 autem
1005 2173 1066 2239 ille
1085 2173 1226 2238 Terram

99 2287 250 2375 genuisse
274 2287 420 2367 Montes,
443 2298 484 2351 ut
508 2298 613 2352 essent
635 2275 763 2350 ἔναυλοι
785 2285 965 2350 habitacula
987 2286 1227 2374 Nympharum

96 2423 134 2464 ae
160 2399 298 2465 definite
319 2400 456 2488 quidem
485 2397 654 2466 Oreedum
678 2397 725 2489 (v.
750 2399 813 2465 129
834 2396 939 2487 seq.),
965 2399 1164 2478 earundem,
1188 2411 1230 2463 ut

96 2513 243 2591 videtur,
266 2536 410 2600 quarum
432 2512 561 2577 mentio
581 2511 622 2576 fit
639 2534 673 2578 v.
688 2512 763 2577 187.
784 2511 897 2599 itaque
917 2512 1227 2598 antiquissimarum

96 2627 255 2693 Dearum.
302 2626 451 2713 Denique
473 2626 614 2691 Terram
642 2647 687 2690 ex
705 2648 756 2703 se,
782 2626 867 2690 item
885 2623 971 2719 citra
992 2624 1226 2703 concubitum,

95 2741 247 2828 genuisse
269 2740 352 2804 dicit
372 2739 517 2804 Pontum
545 2738 589 2828 (v.
613 2742 688 2806 131.
711 2737 800 2828 132.)
818 2751 893 2805 orto
908 2738 1001 2818 hinc,
1024 2720 1064 2803 ut
1081 2740 1226 2821 videtur,

96 2854 239 2941 mytho,
271 2842 370 2939 quod
383 2853 690 2919 animadverterent
720 2852 886 2931 homines,
915 2852 1004 2917 mari
1028 2852 1098 2918 sive
1122 2866 1228 2941 ponto

96 2966 246 3032 fundum
274 2966 400 3031 subesse
419 2977 561 3046 terram,
584 2969 639 3031 cui
647 2987 859 3061 ‚consequens
883 2962 971 3043 fuit,
991 2977 1031 3030 ut
1053 2989 1097 3031 ex
1125 2968 1229 3032 Terra

95 3082 243 3147 Pontum
263 3082 393 3147 editum
410 3080 640 3169 perhiberent.
687 3079 790 3157 Nam,
811 3089 851 3142 ut
865 3077 946 3143 haee
969 3079 1086 3166 mythi
1099 3078 1230 3145 feratur

94 3220 210 3276 causa,
244 3198 333 3284 quod
367 3198 471 3262 Terra
498 3196 611 3283 aliqua
640 3195 693 3259 sui
718 3206 814 3283 parte
836 3192 1028 3281 residendp,
1055 3193 1230 3262 diffluente

96 3313 183 3378 illuc
213 3312 372 3390 humore,
403 3309 537 3389 fecerit,
570 3321 611 3374 ut
638 3330 732 3375 mare
752 3308 930 3387 existeret,
956 3307 1114 3374 subtilius
1137 3310 1229 3375 mihi

95 3425 247 3503 videtur,
282 3446 383 3511 quam
413 3448 476 3513 pro
505 3424 628 3489 veteris
655 3433 756 3509 captu
780 3420 947 3487 Graeciae.
995 3420 1087 3488 Mare
1114 3435 1228 3488 autem

95 3536 152 3601 hic
187 3538 286 3623 poeta
313 3537 460 3624 respexit
489 3537 683 3614 internum,
717 3557 775 3599 seu
801 3534 1108 3628 mediterraneum,
1140 3536 1228 3622 quod

95 3644 248 3738 πέλαγος
270 3652 372 3715 etiam
392 3672 453 3736 per
470 3649 715 3737 appositionem
730 3640 853 3713 Πόντον
875 3648 976 3725 dixit,
993 3647 1041 3712 ita
1058 3659 1099 3712 ut
1113 3648 1228 3735 priore

96 3764 323 3852 appellatione
346 3762 452 3850 magis
472 3783 563 3839 rem,
588 3760 772 3849 posteriore
797 3771 908 3825 autem
937 3783 1113 3848 personam
1140 3761 1228 3826 desi·

95 3887 224 3962 gnaret.
245 3874 336 3963 (vid.
355 3871 448 3938 infra
468 3896 501 3938 v.
520 3871 607 3953 233.)
651 3860 865 3959 Quamquam
886 3883 998 3937 autem
1017 3881 1151 3938 onmem
1174 3896 1229 3938 su-

95 4010 157 4075 pra
175 3985 302 4052 dictam
318 3987 451 4074 prolem
470 3985 574 4048 Terra
591 4006 633 4048 ex
656 4007 689 4049 se
707 3985 780 4049 sine
804 3985 944 4073 coniuge
965 3984 1088 4064 edidit,
1114 3997 1228 4052 tamen

96 4098 206 4165 videri
233 4110 342 4187 potest
371 4099 470 4186 poeta
492 4119 571 4160 cum
593 4097 719 4162 dilectu
743 4098 784 4162 de
806 4096 912 4161 Ponto
938 4097 1063 4163 eximie
1082 4098 1226 4176 dixisse,
1258 4092 1260 4098 ’

97 4211 251 4298 genitum
272 4212 376 4276 illum
398 4200 478 4297 ἄτερ
504 4197 683 4294 φιλότητος
707 4197 889 4297 ἐφιμέρου,
910 4232 988 4274 oum
1004 4210 1049 4275 sit
1066 4234 1160 4278 mare
1175 4235 1227 4280 res

98 4322 244 4411 ingrata,
269 4323 471 4400 iniucunda,
496 4318 647 4408 πέλαγος
672 4309 865 4411 ἀτρύγετον.

1025 4436 1071 4507 12
