2967 5209
691 150 699 197 l

304 465 308 473 ·
390 513 392 517 ,
491 469 522 515 ιι
547 468 672 519 assion
694 466 907 517 00000000.
1188 446 1262 520 ‘215

137 652 228 705 muta
260 650 358 726 atque
386 639 468 705 hinc
496 642 722 707 secentiorum
751 665 814 707 000
839 640 1050 733 frequentata
1081 643 1260 721 voeabula,

134 775 236 839 qnam
259 751 415 819 Hesiodea
429 774 504 834 esse,
527 754 734 821 verosimile
758 756 946 821 ducendum
972 768 1036 834 est,
1066 779 1146 822 cnm
1173 767 1262 827 certe
1341 736 1344 745 ¹

136 866 301 932 Homerus
329 864 391 930 ille
410 866 626 954 ignoraverit.
659 864 745 935 Vide
770 864 900 956 copiose
920 879 954 935 et
972 881 1123 936 accurate
1145 869 1186 934 de
1208 869 1263 933 hia

136 980 366 1067 disputantem
388 978 620 1045 Muetzellium
642 1004 678 1069 p.
706 982 781 1049 125.

181 1093 302 1158 Exstat
330 1114 441 1157 versus
462 1093 551 1180 spud
574 1094 690 1181 Etym.
713 1095 761 1161 Μ.
781 1096 805 1161 l.
829 1119 859 1161 c.
905 1094 967 1162 Sed
990 1095 1085 1161 citati
1106 1095 1196 1174 illio,
1224 1105 1265 1165 ut

136 1205 286 1285 Hesiodi,
318 1226 430 1271 versus
448 1228 527 1271 cum
550 1230 569 1272 e
591 1206 748 1273 Gudiano
767 1207 894 1285 absint,
926 1218 992 1285 est,
1014 1207 1263 1271 0111100010

134 1318 340 1385 certioribus
363 1318 490 1384 additos
507 1331 675 1407 putemus.
706 1320 753 1386 At.
773 1342 852 1386 vero
866 1319 955 1386 mihi
974 1342 1053 1385 cum
1065 1318 1264 1385 Thierschio

137 1434 199 1501 Gr.
219 1432 277 1499 Gr.
304 1436 322 1520 §
348 1435 423 1499 181.
450 1436 480 1499 1.
505 1434 680 1513 convenit,
709 1435 798 1522 epud
821 1433 1028 1501 Clementem
1056 1433 1154 1500 Alex.
1179 1431 1264 1500 Coh.

137 1548 180 1611 ad
207 1546 326 1612 Gentes
347 1569 381 1633 p.
405 1548 457 1613 13.
482 1547 622 1613 nomine
650 1546 802 1627 Veneris,
834 1535 1036 1634 ἄφρογενῆς,
1062 1535 1265 1633 Kvtrpotytrltt

137 1683 183 1725 ex
211 1658 360 1737 Hesiodi,
387 1678 456 1744 quo
478 1658 632 1725 Clemens
661 1657 838 1736 utebatur,
874 1659 1032 1746 exemplo
1056 1654 1156 1723 ducta
1179 1678 1264 1735 eece,

135 1789 216 1832 cum
239 1788 323 1831 mox
347 1767 389 1837 eb
406 1768 469 1833 illo
488 1768 704 1847 subiiciatur,
729 1760 785 1849 τὴν
809 1757 1000 1855 &incendia
1020 1770 1144 1834 dictum
1159 1770 1266 1837 Vens'·

134 1903 228 1959 iem,
252 1869 304 1945 ’ὅτι
328 1868 452 1962 μηδέων
474 1866 673 1974 ἐξεφαάνθη·
697 1882 808 1968 itaque
822 1882 988 1947 emblema
999 1874 1267 1947 habendnmesse

135 1994 324 2062 Clementis
351 2017 431 2061 aevo
456 1995 637 2081 antiquins.
686 1994 800 2061 Nolim
823 2007 936 2061 tamen
956 2018 1037 2060 cum
1059 1992 1267 2084 Goettlingio

134 2109 265 2187 dicere,
288 2107 555 2172 additamentum
575 2130 641 2173 esse
660 2107 821 2195 rhapsodi
845 2108 1087 2194 antiquissimi,
1113 2108 1268 2194 quamvis

136 2220 275 2287 fortasse
290 2218 411 2285 referri
436 2218 540 2308 possit
568 2219 608 2284 ad
631 2240 704 2284 eum
725 2230 883 2298 aetatem,
907 2242 973 2306 que
991 2224 1173 2308 composite
1193 2220 1268 2306 ple·
1343 2218 1350 2225 ’

134 2356 242 2420 reque
270 2331 419 2420 Orphica
448 2330 600 2398 fuerunt.
646 2331 746 2400 Certe
776 2324 959 2421 ἂΦρυγευῆς
981 2320 1040 2399 dele
1061 2343 1268 2398 memoretur

136 2446 242 2510 etiam
263 2445 301 2509 in
322 2444 473 2532 Orphico
491 2444 629 2531 Hymuo
650 2443 678 2510 I.
703 2446 755 2510 11.
782 2452 786 2459 '
1308 2432 1314 2458 ¹

183 2557 318 2625 Scholia
333 2557 374 2622 01
389 2556 569 2623 Hesiodum
590 2557 822 2638 auctoritatem
838 2557 948 2622 versui
964 2558 1082 2624 addere
1102 2580 1170 2622 non
1193 2578 1267 2645 pos,-

135 2682 229 2738 sunt.
273 2671 377 2749 Nam,
405 2692 489 2755 quae
518 2669 556 2734 in
580 2670 652 2734 illis
675 2670 716 2735 ed
738 2656 956 2758 ἇφρυγέυευωυ
978 2670 1142 2756 adscripta
1171 2681 1266 2746 sunt,

136 2804 316 2875 perperam
332 2782 382 2846 ibi
399 2795 478 2847 sunt
495 2782 670 2869 adscripta,
692 2804 770 2846 cum
790 2794 925 2847 tantum
942 2781 1069 2847 faciant
1088 2783 1129 2846 ed
1146 2802 1269 2847 nomen

140 2884 325 2985 Ἀφροδίτη
346 2895 599 2963 illustrandum.
1209 2909 1212 2917 ·

186 3146 219 3187 v.
245 3123 319 3187 198.
357 3120 467 3189 Verba
497 3118 540 3184 eb
566 3111 654 3207 υἰτὶιρ
686 3118 727 3183 ad
750 3114 854 3183 finem
885 3134 1014 3199 versus,
1038 3131 1077 3182 ut
1097 3119 1267 3196 Hesiodea,

137 3236 224 3300 citat
253 3233 362 3300 Orion
386 3236 502 3325 Etym.
527 3255 562 3320 p.
590 3235 633 3298 79
656 3232 715 3297 fin.
738 3234 782 3300 80
811 3254 864 3320 pr.
889 3244 1055 3320 postrema
1079 3222 1272 3319 10110011Γ

138 3363 239 3434 κυρσε
264 3333 411 3435 Κυθήροις
433 3345 551 3412 Suidss
577 3369 611 3412 v.
634 3331 807 3433 Κυθέρεια,
829 3345 968 3411 Photins
987 3347 1025 3410 in
1042 3348 1124 3412 Lex.
1145 3368 1180 3434 p.
1195 3346 1269 3411 181.

138 3464 190 3539 8.;
226 3459 298 3524 0100
326 3459 448 3524 diserte
476 3460 592 3546 potitae
620 3458 793 3523 mentione
815 3457 950 3525 Scholia
973 3460 1009 3525 Β.
1032 3461 1073 3525 D.
1096 3460 1136 3522 01
1164 3459 1205 3525 11.
1233 3459 1271 3524 E.

140 3575 219 3638 422.
245 3570 430 3659 Hesychius
451 3570 490 3635 T.
514 3571 558 3637 Il.
579 3594 615 3659 p.
638 3572 716 3636 869.
740 3572 856 3658 Etym.
876 3572 923 3637 Μ.
937 3595 970 3660 p.
994 3573 1070 3637 516.
1087 3574 1140 3636 18.
1156 3574 1271 3658 Etym.

142 3686 232 3751 Gud.
256 3707 291 3773 p.
314 3688 376 3750 351
400 3683 467 3748 fin.—

187 3798 239 3863 Ad
261 3789 464 3884 προσέκυρσε
485 3793 542 3859 Gt.
567 3795 638 3859 Par.
659 3790 697 3860 C.
722 3808 774 3858 nn
773 3781 923 3882 ρῆγγισε.
958 3794 1010 3860 Ab
1027 3794 1214 3872 Enstathio,
1235 3797 1275 3859 ed

145 3912 285 3998 Dionys.
312 3911 437 3998 Perieg.
462 3933 494 3973 v.
524 3910 597 3976 198
620 3909 783 3995 mythnm
806 3907 897 3973 hunc
926 3908 1124 3975 Hesiodenm
1149 3931 1275 3973 merne-

147 4035 254 4102 sente,
274 4024 459 4110 exponitur
481 4015 721 4109 πρυσεπέλυσε.
743 4018 843 4155 Conf.
861 4020 1204 4110 1101001110650.
1222 4024 1273 4088 ts

51 4126 55 4141 ⁵
147 4160 182 4225 p.
207 4138 304 4202 1024.
327 4137 369 4202 19
390 4158 456 4224 seq

194 4248 335 4313 Hesiodo
358 4235 523 4335 Κυθέρευυ
546 4237 713 4311 dictam’
696 4238 765 4312 001
789 4240 845 4325 τῆς
842 4182 1009 4335 Κυθῆρῡιυ
1029 4236 1151 4318 πόλεως
1173 4244 1278 4315 refert
