2967 5209
462 518 495 568 n«
519 520 645 570 rmum
667 520 886 569 moenum.
1175 495 1248 568 200

149 713 215 759 vv.
242 691 428 760 etl-eto.
453 691 587 763 Nunti
610 691 665 757 his
684 691 848 771 versibus,
874 692 990 779 mythi
1010 715 1141 760 summe
1161 691 1246 772 buc,

93 805 139 870 ni
167 802 300 883 fallor,
325 805 425 870 redit.
471 804 707 893 Disceptabant
725 805 818 871 inter
843 827 876 871 se
899 805 957 872 Dii
975 816 1074 891 etque
1094 805 1248 872 homiues

92 914 273 981 Meconae
295 914 340 1004 (v.
365 916 431 981 534
450 922 543 1002 seq).
591 915 820 1005 Disceptatmn
838 916 880 983 de
896 917 1068 983 sacrificiis
1088 915 1190 983 fuisse
1205 939 1248 983 ex
1275 938 1283 955 ·

38 1026 51 1049 ⁸
93 1029 181 1116 ipso
205 1029 311 1115 polita
329 1039 442 1092 nostro
471 1028 609 1116 colliges
632 1028 680 1117 (v.
699 1026 916 1118 535-556.).
962 1032 1017 1097 Ex
1037 1029 1173 1119 Hygino
1189 1052 1248 1094 au·

93 1151 176 1207 tem
200 1139 242 1207 P.
265 1142 305 1205 A.
325 1139 369 1206 II.
387 1141 440 1205 15.
458 1139 577 1220 disces,
596 1137 698 1207 fuisse
716 1142 939 1231 disceptatum
954 1143 996 1207 de
1014 1166 1062 1222 eo,
1084 1165 1247 1231 quaenam

93 1275 185 1342 pers
210 1252 373 1321 victimae
395 1252 485 1331 Diis,
518 1276 683 1341 quaenam
708 1254 906 1321 hominibus
924 1255 1063 1322 cederet.
1108 1256 1251 1321 Prome·

94 1366 234 1445 theus,
262 1366 397 1445 arbiter,
419 1378 459 1431 ut
475 1367 620 1448 videtur,
642 1369 775 1448 electus,
803 1369 857 1435 sed
875 1369 1070 1434 clanculum
1090 1367 1258 1434 homini·¹
1352 1438 1354 1441 ,

95 1480 168 1545 bus
190 1477 323 1558 favens,
348 1479 467 1546 bovem
488 1491 675 1546 mactatum
694 1481 741 1547 sic
763 1481 891 1560 divisit,
911 1493 951 1546 ut
969 1482 1007 1547 in
1025 1483 1129 1548 altere
1153 1491 1250 1570 parte

94 1614 231 1658 carnes
252 1604 286 1657 et
308 1592 448 1680 pinguia
469 1593 612 1673 viscera,
634 1605 753 1661 ventre
771 1593 894 1661 bovino
915 1606 1010 1673 tecta,
1028 1594 1066 1659 in
1081 1595 1172 1682 pelle
1196 1616 1250 1660 re·

96 1703 289 1782 conderet,
311 1702 349 1768 in
372 1704 475 1770 altere
498 1716 612 1770 eutem
632 1726 702 1770 osse
721 1703 816 1771 bovis
834 1717 993 1793 poneret,
1015 1705 1069 1770 sed
1094 1728 1249 1794 superea

97 1816 263 1881 multam
284 1815 437 1882 arvinam
459 1816 505 1906 (v.
526 1813 744 1905 535-540.),
768 1838 912 1905 cumque
936 1818 1066 1906 Iupiter
1094 1819 1250 1907 iniquam

97 1908 489 2020 partiumdivisionem
510 1942 663 2018 argueret
685 1930 733 2020 (v.
747 1929 950 2019 etl-ott.)
970 1934 1058 2019 quod
1078 1955 1114 2000 ea
1124 1933 1247 2022 portio,

97 2044 141 2111 in
163 2065 239 2130 que
260 2054 356 2107 erent
375 2065 444 2108 osse
464 2043 527 2108 sub
542 2044 671 2122 arvina,
691 2046 791 2132 longe
813 2044 917 2111 alteret
935 2046 1045 2110 maior
1060 2044 1248 2124 videbatur,

99 2157 261 2224 liberum
282 2154 314 2221 ei
334 2155 551 2222 Prometheus
565 2157 740 2244 optionem
756 2157 864 2237 dedit,
877 2159 1004 2246 quippe
1015 2179 1151 2246 sperans
1164 2156 1249 2237 fore,

99 2282 144 2335 ut
164 2270 316 2358 Iupiter,
337 2269 475 2357 optione
488 2269 579 2349 data,
598 2269 791 2357 portionem
810 2270 946 2358 eligeret
961 2271 1067 2359 specie
1086 2273 1249 2336 maiorem

100 2407 141 2450 ac
166 2382 353 2449 meliorem
381 2391 415 2448 et
433 2381 561 2470 egregie
578 2380 624 2445 sic
647 2380 842 2461 falleretur,
869 2381 930 2446 sub
954 2380 1052 2470 adipe
1077 2354 1171 2447 nihil
1195 2382 1250 2447 in·

103 2508 278 2563 venturus
299 2504 431 2582 praeter
450 2516 520 2560 osse
540 2493 585 2583 (v.
610 2489 827 2581 ote-548.).
873 2493 1015 2582 Iupiter,
1033 2494 1167 2560 tametsi
1186 2495 1250 2560 do·

103 2612 184 2677 lum
199 2606 340 2674 'subesse
358 2630 427 2673 non
452 2605 637 2695 ignorabat,
658 2606 823 2673 maiorem
844 2618 958 2673 tumen
973 2610 1167 2696 portionem
1183 2608 1249 2674 sibi

105 2722 247 2801 sumsit,
268 2720 333 2786 hoc
355 2742 462 2808 egens,
484 2730 534 2797 ut,
559 2719 752 2786 Promethei
772 2718 890 2786 fraude
914 2718 1098 2810 patefacte,
1115 2736 1248 2787 oausam

58 2806 63 2821 ι
104 2835 363 2902 nancisceretur
387 2845 421 2897 et
449 2833 554 2898 illum
583 2845 617 2899 et
648 2834 821 2911 homines,
854 2857 934 2899 oum
963 2835 1037 2900 Diis
1066 2836 1250 2925 disceptare

104 2971 223 3027 ausos,
247 2945 415 3035 puniendi
440 2945 485 3035 (v.
509 2943 724 3032 549-551.).
773 2945 942 3025 Ceterum,
961 2958 1002 3010 ut
1020 2961 1254 3035 apparuerunt·

106 3083 200 3139 ossa,
224 3055 404 3124 confestim
422 3056 521 3122 dictis
543 3058 631 3124 iram
651 3079 747 3122 suam
768 3058 805 3122 in
829 3058 1067 3123 Prometheum
1089 3082 1249 3157 exprom-

104 3175 156 3239 sit
181 3172 232 3261 (v.
261 3172 450 3239 552-554.
478 3168 695 3260 557-560.).
752 3172 873 3250 Porro,
903 3174 1035 3248 tametsi
1061 3185 1185 3254 sortes,
1210 3186 1250 3240 ut

107 3295 229 3364 erunt,
262 3284 419 3372 reliquit,
455 3286 544 3351 unde
576 3307 650 3350 mos
680 3284 877 3350 hominibus
906 3309 976 3351 ossa
999 3285 1072 3352 Diis
1093 3288 1249 3355 adolendi

109 3400 157 3483 (v.
183 3401 251 3464 555
270 3401 364 3485 seq),
388 3409 538 3465 attamen
558 3397 672 3487 ignem
692 3396 920 3464 abscondendo
938 3397 1035 3479 fecit,
1049 3412 1091 3471 ut
1109 3402 1249 3467 nullum

110 3513 272 3580 homines
301 3534 345 3580 ex
368 3513 525 3580 carnibus
550 3525 583 3580 et
602 3513 707 3592 extis,
733 3536 818 3601 quae
844 3515 956 3580 sortiti
987 3528 1101 3596 erant,
1132 3538 1249 3611 capere

111 3627 204 3695 vitae
226 3624 379 3692 fructum
394 3639 529 3716 possent
550 3628 597 3717 (v.
621 3629 810 3695 tel-563.
836 3626 924 3696 Goll.
940 3611 1036 3717 '‘Epy.
1062 3625 1145 3717 50.).
1168 3629 1274 3694 Pro·-

112 3743 270 3809 metheus
306 3754 418 3808 autem
441 3744 571 3831 ignem,
598 3741 640 3807 ab
671 3742 750 3810 Iove
772 3741 922 3823 furatus,
954 3744 992 3808 in
1015 3767 1094 3811 cava
1116 3740 1246 3820 ferula,

113 3853 314 3921 hominibus
334 3855 483 3922 reddidit
506 3855 553 3942 (v.
576 3848 790 3944 564-566.).
846 3854 977 3943 Iupiter
999 3879 1079 3922 vero
1099 3856 1164 3923 hoc
1185 3857 1248 3923 bo-

114 3989 200 4032 num
222 3968 338 4034 statim
359 3968 402 4034 iis
417 3990 506 4034 novo
529 3969 620 4034 melo
642 3967 882 4056 compensavit.
927 3968 1088 4058 Namque,
1111 3969 1249 4036 iubente

115 4101 171 4158 eo,
202 4081 374 4150 Vulcanus
405 4082 542 4169 quidem
570 4102 614 4147 ex
645 4093 734 4148 terre
760 4094 794 4147 et
822 4104 904 4170 aqua
935 4081 1115 4162 formavit,
1141 4084 1249 4150 Pallas

115 4203 230 4257 autem
251 4216 352 4282 porro
374 4194 553 4261 adornavit
574 4194 755 4284 virginem,
776 4218 819 4260 ex
840 4216 915 4281 qua,
931 4216 993 4283 per
1008 4195 1248 4285 Epimetheum
1340 4184 1343 4199 '

119 4303 208 4369 inter
227 4306 381 4375 homines
396 4319 543 4396 recepta,
566 4306 733 4374 muliebre
754 4332 856 4395 genus
877 4307 1044 4387 existeret,
1057 4310 1246 4375 multorum
