2967 5209
212 449 282 527 128
647 479 888 528 consumimus

209 653 251 747 τῇ
264 648 375 751 Ἥρᾳ,
402 650 619 750 perticensi
641 654 704 747 nir
717 648 807 749 ‘'Hpu
829 647 860 726 di
883 651 1000 736 ἑοοντῆο
1021 645 1231 743 Ἥφοοοτον,
1256 650 1273 723 c‘
1299 646 1336 727 tt

207 762 287 844 Zetis
305 765 362 855 rin
374 761 513 854 Ἀθηνᾶν
535 794 564 840 νο.
578 794 610 840 τ.
627 773 727 838 tubi
740 772 965 862 Chrysippus,
974 772 1056 860 quid
1066 759 1099 837 ἓν
1117 765 1160 858 τῇ
1170 767 1333 862 Θεογονίᾳ

209 886 278 976 (vv.
302 884 493 975 tet-901)
516 887 768 976 scriptum‘sit,
793 908 1000 965 memorans,
1027 884 1116 949 houd
1139 908 1216 950 sene
1239 887 1334 951 aliud

205 1019 341 1063 carmen
354 997 542 1076 intellexit,
553 1020 652 1084 quam
670 998 761 1085 quod
776 1020 868 1063 nunc
881 1020 920 1063 eo
936 998 1075 1064 nomine
1092 1011 1216 1077 exstat,
1230 1001 1335 1087 quod·

116 1111 120 1120 '
205 1132 271 1197 que
288 1111 389 1199 vulgo
408 1110 543 1178 Veteres
560 1133 599 1176 ec
615 1110 866 1198 significarunt,
892 1110 1089 1198 Theogonios
1108 1123 1222 1177 autem
1244 1113 1337 1178 dixit

206 1225 279 1301 vel,
307 1234 363 1300 ut,
396 1244 452 1287 me
471 1221 598 1301 iudice,
620 1222 843 1311 probabiliter
874 1222 1025 1293 Wolfius
1051 1225 1195 1304 censuit,
1228 1225 1336 1292 Theo-

205 1336 322 1425 goniae
340 1335 434 1401 varia
449 1336 623 1424 exempla,
638 1358 695 1401 seu
712 1335 858 1401 diversas
880 1329 942 1400 τῶν
952 1325 1147 1425 γραφόντων
1162 1337 1335 1419 editiones,

204 1449 305 1515 aliter
322 1449 404 1514 alies
420 1449 534 1515 locum
548 1449 589 1515 de
602 1448 727 1515 bletide
743 1448 956 1528 exhibentes,
974 1450 1043 1527 vel,
1064 1462 1104 1515 ut
1124 1451 1337 1518 Muetzellius
1479 1449 1480 1484 ³

204 1563 282 1629 vult
301 1585 336 1650 p.
355 1564 438 1644 367,
459 1574 534 1629 tum
563 1585 699 1630 carmen
725 1562 832 1643 illud,
848 1563 938 1651 quod
962 1585 1054 1628 nunc
1071 1576 1237 1654 superest,
1260 1578 1336 1631 tum

203 1676 349 1742 subiecta
370 1677 402 1743 ei
412 1661 446 1742 ἓν
465 1667 603 1764 ἑτέροις,
635 1675 674 1741 in
701 1676 778 1742 aliis
806 1676 953 1742 eiusdem
980 1678 1129 1766 generis,
1159 1679 1336 1768 adscriptis

203 1788 362 1875 Hesiodo,
390 1787 612 1867 carminibus,
631 1810 717 1876 quae
736 1787 962 1856 Grammatici
983 1790 1022 1856 in
1041 1791 1196 1858 universa
1218 1791 1336 1857 Hesio·

202 1885 344 1968 deorum
359 1899 557 1968 collectione
573 1910 649 1989 post
667 1899 899 1990 Theogoniam
912 1902 1050 1992 proprie
1068 1903 1115 1969 sic
1131 1904 1257 1970 dictam
1268 1905 1338 1969 ccl·

202 2016 404 2082 locaverant.
446 2012 533 2082 Vide
559 2010 653 2078 infra
685 2013 726 2079 ad
748 2035 781 2080 v.
804 2014 881 2080 929.
922 2013 1081 2083 Ceterum
1102 2015 1337 2082 multitudinis

203 2149 387 2195 numerum
407 2125 589 2215 aliquando
606 2138 809 2214 usurpatum
829 2124 931 2193 fuisse
956 2127 994 2193 in
1016 2128 1078 2193 hac
1097 2151 1134 2195 re
1160 2128 1337 2199 Veteribus

120 2325 125 2332 ι
202 2241 451 2331 οοοοουίῑοῑίοοη
468 2238 641 2308 Graevius.
665 2237 756 2308 Cum
773 2239 866 2305 enim
887 2241 976 2329 apud
997 2242 1185 2308 Lucianum
1208 2240 1247 2307 in
1267 2241 1336 2306 lca·

201 2356 441 2445 romenippoc.
454 2355 509 2421 27.
520 2354 569 2437 (Τ.
582 2352 627 2419 ll.
639 2375 675 2441 p.
688 2350 769 2439 785)
778 2353 925 2442 legetur:
940 2345 976 2419 ui
990 2337 1127 2419 Μοῦοοον
1142 2341 1336 2420 &emim

202 2460 261 2548 tiis
282 2448 323 2533 'te
339 2454 495 2533 Ἡσιόδου
512 2457 691 2554 Θεογονίας
710 2449 795 2553 ,ἦσαν
814 2449 903 2549 ἡμῖν,
917 2465 1101 2555 repositum
1121 2464 1233 2532 voluit
1252 2458 1336 2550 tiss,

201 2581 340 2646 Deorum
354 2586 595 2668 generationes,
614 2588 654 2642 ut
671 2576 844 2643 redditum
860 2577 1053 2644 aGesnero:
1069 2578 1125 2644 sed
1143 2600 1250 2667 neque
1269 2579 1334 2648 Co·

200 2693 317 2761 dicum
347 2690 546 2757 auctoritate
573 2687 680 2780 fulta,
711 2712 819 2778 neque
844 2688 1023 2756 necessaria
1046 2702 1095 2757 est
1122 2691 1332 2771 emendatio,

200 2828 281 2873 cum
296 2815 434 2871 recisse
451 2802 572 2869 habeat
588 2801 768 2891 genitivus.
801 2801 983 2869 Hesiodum
997 2803 1137 2868 Deorn'rn
1153 2801 1335 2893 generutio-

201 2941 274 2984 nem
306 2924 444 2983 unius.
463 2913 568 2980 tetri
599 2935 693 3003 opere
714 2914 923 3003 'complexum
955 2916 1003 2982 ait
1035 2916 1229 2983 Lactantius
1255 2918 1333 2986 Div.

202 3031 398 3102 institit.
426 3029 486 3098 Sic
504 3040 540 3097 et
553 3027 749 3095 fabularum
768 3026 887 3096 Ovidii
904 3028 1218 3118 Metamorphoseon
1236 3053 1334 3098 enar·

200 3156 296 3210 rator
325 3144 519 3211 lactantius
548 3163 583 3233 p.
619 3145 696 3210 788.
716 3143 789 3211 Ed.
806 3140 977 3210 Staveren.
1004 3141 1139 3209 Hesiodi
1171 3157 1338 3211 memoret

201 3256 370 3335 sedimen,
404 3255 650 3346 pontificorum
678 3263 833 3345 originem
855 3263 1005 3320 continet.
1051 3253 1115 3322 Sed
1135 3255 1334 3324 scholiastes

200 3369 302 3439 Statii
313 3368 506 3456 Lactantius
516 3393 542 3438 s.
555 3368 711 3435 Lutatius
726 3369 768 3434 ad
777 3367 886 3435 Theb.
898 3368 957 3436 IV.
970 3367 1333 3438 minturnensium

201 3490 237 3574 in
254 3482 305 3548 tu
325 3480 424 3562 libris,
442 3503 521 3570 quos
539 3480 579 3543 de
597 3480 783 3568 Theogonis
803 3488 941 3569 scripsit.
964 3482 1113 3547 Fortasse
1134 3481 1334 3572 quibusdam

201 3595 440 3665 Grammaticis
474 3589 605 3684 placuit
630 3585 862 3682 Theogoniam
895 3595 935 3661 in
962 3595 1050 3675 duo,
1090 3607 1199 3664 tresve
1219 3591 1335 3664 libros

200 3707 391 3800 dispertiii,
425 3707 487 3797 qui
512 3717 721 3797 potuerunt,
755 3728 800 3773 ex
829 3729 881 3795 gr.
913 3707 1054 3774 alten'us
1081 3708 1166 3775 libri
1187 3709 1331 3784 initium

201 3821 309 3890 facere
333 3815 471 3895 versum
484 3823 570 3902 886,
595 3820 690 3887 tertii
703 3843 748 3888 .v.
779 3821 875 3900 est,
905 3823 961 3889 vel
991 3832 1025 3888 et
1052 3823 1199 3904 alterum
1221 3822 1333 3889 Theo-

200 3935 319 4024 gonias
332 3935 464 4002 librum
474 3925 605 4004 oensem
620 3924 828 4024 ¹tiptitoyssiar,
848 3933 919 4003 sive
946 3956 1096 4001 carmen.
1110 3935 1152 4001 de
1175 3933 1337 4004 heroibus

7 4077 9 4086 v
88 4093 93 4102 .
202 4046 291 4113 natis
321 4029 573 4136 ex‘ccngressu
599 4046 749 4116 Dabrum
774 4065 855 4112 cum
878 4045 1017 4114 feminis
1049 4039 1267 4127 mortslibus,
1292 4057 1337 4122 ut·

201 4161 322 4227 statuit
350 4159 502 4249 Heyiii'us
528 4160 570 4232 in
596 4159 669 4248 led.
695 4159 893 4248 Scriptorum
914 4160 955 4225 ab
985 4159 1158 4249 Apollonio
1182 4160 1333 4228 teramn-

202 4295 272 4340 rem
295 4294 332 4362 p.
352 4276 429 4341 858.
514 4297 526 4362 '.
724 4279 731 4300 ·'
