<?xml version="1.0" encoding="UTF-8"?>
<!DOCTYPE html PUBLIC "-//W3C//DTD XHTML 1.0 Transitional//EN"
    "http://www.w3.org/TR/xhtml1/DTD/xhtml1-transitional.dtd">
<html xmlns="http://www.w3.org/1999/xhtml" xml:lang="en" lang="en">
 <head>
  <title>
</title>
<meta http-equiv="Content-Type" content="text/html;charset=utf-8" />
  <meta name='ocr-system' content='tesseract 3.04.00' />
  <meta name='ocr-capabilities' content='ocr_page ocr_carea ocr_par ocr_line ocrx_word'/>
</head>
<body>
  <div class='ocr_page' id='page_1' title='image "./hesioditheogoni00lenngoog_0389.png"; bbox 0 0 2967 5209; ppageno 0'>
   <div class='ocr_carea' id='block_1_1' title="bbox 477 476 1312 552">
    <p class='ocr_par' dir='ltr' id='par_1_1' title="bbox 477 476 1312 552">
     <span class='ocr_line' id='line_1_1' title="bbox 477 476 1312 552; baseline 0.004 -5"><span class='ocrx_word' id='word_1_1' title='bbox 477 505 508 549; x_wconf 84' lang='lat' dir='ltr'><strong>m</strong></span> <span class='ocrx_word' id='word_1_2' title='bbox 533 504 657 552; x_wconf 82' lang='lat' dir='ltr'><strong>arsiam</strong></span> <span class='ocrx_word' id='word_1_3' title='bbox 679 503 892 550; x_wconf 81' lang='lat' dir='ltr'><strong>rnrocoann.</strong></span> <span class='ocrx_word' id='word_1_4' title='bbox 1174 476 1247 550; x_wconf 77' lang='lat'><strong>345</strong></span> <span class='ocrx_word' id='word_1_5' title='bbox 1309 544 1312 550; x_wconf 80' lang='grc'><strong><em>,</em></strong></span> 
     </span>
    </p>
   </div>
   <div class='ocr_carea' id='block_1_2' title="bbox 121 660 1425 755">
    <p class='ocr_par' dir='ltr' id='par_1_2' title="bbox 121 660 1425 755">
     <span class='ocr_line' id='line_1_2' title="bbox 121 660 1425 755; baseline 0.001 -18"><span class='ocrx_word' id='word_1_6' title='bbox 121 660 310 751; x_wconf 68' lang='grc' dir='ltr'><strong>Θαλάσσης</strong></span> <span class='ocrx_word' id='word_1_7' title='bbox 340 674 432 738; x_wconf 90' lang='lat' dir='ltr'><strong>filius</strong></span> <span class='ocrx_word' id='word_1_8' title='bbox 461 675 585 739; x_wconf 89' lang='lat' dir='ltr'><strong>dicitur</strong></span> <span class='ocrx_word' id='word_1_9' title='bbox 614 676 776 740; x_wconf 89' lang='lat' dir='ltr'><strong>Briareus.</strong></span> <span class='ocrx_word' id='word_1_10' title='bbox 830 672 1030 741; x_wconf 87' lang='lat' dir='ltr'><strong>Referebant</strong></span> <span class='ocrx_word' id='word_1_11' title='bbox 1052 674 1244 755; x_wconf 88' lang='lat' dir='ltr'><strong>Corinthii,</strong></span> <span class='ocrx_word' id='word_1_12' title='bbox 1299 664 1305 675; x_wconf 59' lang='lat'><em>⁴</em></span> <span class='ocrx_word' id='word_1_13' title='bbox 1419 709 1425 727; x_wconf 88' lang='lat'><strong>·</strong></span> 
     </span>
    </p>
   </div>
   <div class='ocr_carea' id='block_1_3' title="bbox 29 764 1287 4249">
    <p class='ocr_par' dir='ltr' id='par_1_3' title="bbox 29 764 1287 4249">
     <span class='ocr_line' id='line_1_3' title="bbox 119 764 1244 876; baseline 0.004 -27"><span class='ocrx_word' id='word_1_14' title='bbox 119 790 213 851; x_wconf 86' lang='lat' dir='ltr'><strong>inter</strong></span> <span class='ocrx_word' id='word_1_15' title='bbox 233 784 343 852; x_wconf 88' lang='lat' dir='ltr'><strong>Solem</strong></span> <span class='ocrx_word' id='word_1_16' title='bbox 365 764 397 850; x_wconf 83' lang='lat' dir='ltr'><strong>et</strong></span> <span class='ocrx_word' id='word_1_17' title='bbox 418 788 631 875; x_wconf 82' lang='lat' dir='ltr'><strong>Neptunum,</strong></span> <span class='ocrx_word' id='word_1_18' title='bbox 652 790 692 854; x_wconf 90' lang='lat' dir='ltr'><strong>de</strong></span> <span class='ocrx_word' id='word_1_19' title='bbox 712 790 848 876; x_wconf 77' lang='lat' dir='ltr'>regione</span> <span class='ocrx_word' id='word_1_20' title='bbox 865 811 981 853; x_wconf 88' lang='lat' dir='ltr'><strong>eorum</strong></span> <span class='ocrx_word' id='word_1_21' title='bbox 1000 790 1244 870; x_wconf 76' lang='lat' dir='ltr'>contendentes,</span> 
     </span>
     <span class='ocr_line' id='line_1_4' title="bbox 120 899 1247 987; baseline 0.003 -24"><span class='ocrx_word' id='word_1_22' title='bbox 120 899 289 963; x_wconf 87' lang='lat' dir='ltr'><strong>arbitrum</strong></span> <span class='ocrx_word' id='word_1_23' title='bbox 319 899 492 964; x_wconf 90' lang='lat' dir='ltr'><strong>Briareum</strong></span> <span class='ocrx_word' id='word_1_24' title='bbox 529 899 640 966; x_wconf 85' lang='lat' dir='ltr'><strong>fuisse.</strong></span> <span class='ocrx_word' id='word_1_25' title='bbox 673 901 752 968; x_wconf 86' lang='lat' dir='ltr'><strong>Vid.</strong></span> <span class='ocrx_word' id='word_1_26' title='bbox 782 902 917 966; x_wconf 89' lang='lat' dir='ltr'><strong>Pausan.</strong></span> <span class='ocrx_word' id='word_1_27' title='bbox 950 900 993 965; x_wconf 92' lang='lat' dir='ltr'><strong>Il.</strong></span> <span class='ocrx_word' id='word_1_28' title='bbox 1024 900 1051 964; x_wconf 93' lang='grc' dir='ltr'><strong>Ι.</strong></span> <span class='ocrx_word' id='word_1_29' title='bbox 1079 901 1110 965; x_wconf 85' lang='grc'><strong>4.</strong></span> <span class='ocrx_word' id='word_1_30' title='bbox 1155 900 1247 987; x_wconf 83' lang='lat' dir='ltr'><strong>Quae</strong></span> 
     </span>
     <span class='ocr_line' id='line_1_5' title="bbox 118 1009 1246 1100; baseline 0.002 -26"><span class='ocrx_word' id='word_1_31' title='bbox 118 1022 232 1098; x_wconf 87' lang='lat' dir='ltr'><strong>postea</strong></span> <span class='ocrx_word' id='word_1_32' title='bbox 263 1012 370 1076; x_wconf 89' lang='lat' dir='ltr'><strong>dictae</strong></span> <span class='ocrx_word' id='word_1_33' title='bbox 397 1009 527 1076; x_wconf 88' lang='lat' dir='ltr'><strong>fuerint</strong></span> <span class='ocrx_word' id='word_1_34' title='bbox 551 1012 718 1089; x_wconf 90' lang='lat' dir='ltr'><strong>Herculis,</strong></span> <span class='ocrx_word' id='word_1_35' title='bbox 745 1013 840 1100; x_wconf 88' lang='lat' dir='ltr'><strong>prius</strong></span> <span class='ocrx_word' id='word_1_36' title='bbox 865 1012 968 1077; x_wconf 87' lang='lat' dir='ltr'><strong>dictas</strong></span> <span class='ocrx_word' id='word_1_37' title='bbox 998 1010 1099 1077; x_wconf 89' lang='lat' dir='ltr'><strong>fuisse</strong></span> <span class='ocrx_word' id='word_1_38' title='bbox 1121 1013 1246 1077; x_wconf 84' lang='lat' dir='ltr'>Briarei</span> 
     </span>
     <span class='ocr_line' id='line_1_6' title="bbox 117 1121 1248 1199; baseline 0.002 -12"><span class='ocrx_word' id='word_1_39' title='bbox 117 1124 311 1199; x_wconf 87' lang='lat' dir='ltr'><strong>columnas,</strong></span> <span class='ocrx_word' id='word_1_40' title='bbox 338 1144 381 1186; x_wconf 81' lang='lat' dir='ltr'><strong>ex</strong></span> <span class='ocrx_word' id='word_1_41' title='bbox 403 1122 581 1188; x_wconf 78' lang='lat' dir='ltr'><strong>Aristotele</strong></span> <span class='ocrx_word' id='word_1_42' title='bbox 604 1121 707 1188; x_wconf 82' lang='lat' dir='ltr'><strong>refert</strong></span> <span class='ocrx_word' id='word_1_43' title='bbox 736 1124 895 1189; x_wconf 90' lang='lat' dir='ltr'><strong>Aelianus</strong></span> <span class='ocrx_word' id='word_1_44' title='bbox 923 1124 965 1190; x_wconf 81' lang='lat' dir='ltr'><strong>V.</strong></span> <span class='ocrx_word' id='word_1_45' title='bbox 987 1123 1028 1188; x_wconf 91' lang='lat' dir='ltr'><strong>H.</strong></span> <span class='ocrx_word' id='word_1_46' title='bbox 1050 1124 1091 1191; x_wconf 88' lang='lat' dir='ltr'><strong>V.</strong></span> <span class='ocrx_word' id='word_1_47' title='bbox 1114 1129 1146 1189; x_wconf 91' lang='grc'><strong>3.</strong></span> <span class='ocrx_word' id='word_1_48' title='bbox 1194 1126 1248 1191; x_wconf 80' lang='lat' dir='ltr'><strong>Ex</strong></span> 
     </span>
     <span class='ocr_line' id='line_1_7' title="bbox 117 1236 1249 1324; baseline 0.001 -25"><span class='ocrx_word' id='word_1_49' title='bbox 117 1236 180 1312; x_wconf 89' lang='lat' dir='ltr'><strong>iis,</strong></span> <span class='ocrx_word' id='word_1_50' title='bbox 214 1256 298 1321; x_wconf 90' lang='lat' dir='ltr'><strong>quae</strong></span> <span class='ocrx_word' id='word_1_51' title='bbox 319 1236 451 1301; x_wconf 88' lang='lat' dir='ltr'><strong>notavit</strong></span> <span class='ocrx_word' id='word_1_52' title='bbox 472 1236 667 1301; x_wconf 90' lang='lat' dir='ltr'><strong>Eustathius</strong></span> <span class='ocrx_word' id='word_1_53' title='bbox 691 1238 731 1301; x_wconf 91' lang='lat' dir='ltr'><strong>ad</strong></span> <span class='ocrx_word' id='word_1_54' title='bbox 764 1236 948 1301; x_wconf 87' lang='lat' dir='ltr'><strong>Homerum</strong></span> <span class='ocrx_word' id='word_1_55' title='bbox 970 1237 993 1309; x_wconf 88' lang='lat' dir='ltr'><strong>l.</strong></span> <span class='ocrx_word' id='word_1_56' title='bbox 1020 1259 1048 1301; x_wconf 86' lang='lat' dir='ltr'><strong>c.</strong></span> <span class='ocrx_word' id='word_1_57' title='bbox 1075 1236 1249 1324; x_wconf 83' lang='lat' dir='ltr'><strong>colligitur</strong></span> 
     </span>
     <span class='ocr_line' id='line_1_8' title="bbox 117 1345 1250 1415; baseline 0 -2"><span class='ocrx_word' id='word_1_58' title='bbox 117 1348 276 1413; x_wconf 88' lang='lat' dir='ltr'><strong>Briareus</strong></span> <span class='ocrx_word' id='word_1_59' title='bbox 308 1345 452 1413; x_wconf 80' lang='lat' dir='ltr'><strong>habitus.</strong></span> <span class='ocrx_word' id='word_1_60' title='bbox 477 1347 577 1413; x_wconf 89' lang='lat' dir='ltr'><strong>fuisse</strong></span> <span class='ocrx_word' id='word_1_61' title='bbox 608 1350 694 1415; x_wconf 89' lang='lat' dir='ltr'><strong>Deus</strong></span> <span class='ocrx_word' id='word_1_62' title='bbox 730 1349 885 1413; x_wconf 88' lang='lat' dir='ltr'><strong>marinus</strong></span> <span class='ocrx_word' id='word_1_63' title='bbox 907 1349 993 1414; x_wconf 88' lang='lat' dir='ltr'><strong>circa</strong></span> <span class='ocrx_word' id='word_1_64' title='bbox 1020 1347 1188 1414; x_wconf 85' lang='lat' dir='ltr'><strong>Euboeam</strong></span> <span class='ocrx_word' id='word_1_65' title='bbox 1216 1361 1250 1413; x_wconf 92' lang='lat' dir='ltr'><strong>et</strong></span> 
     </span>
     <span class='ocr_line' id='line_1_9' title="bbox 119 1461 1251 1551; baseline 0.003 -26"><span class='ocrx_word' id='word_1_66' title='bbox 119 1461 242 1547; x_wconf 82' lang='lat' dir='ltr'><strong>Aegaei</strong></span> <span class='ocrx_word' id='word_1_67' title='bbox 267 1461 370 1523; x_wconf 91' lang='lat' dir='ltr'><strong>maris</strong></span> <span class='ocrx_word' id='word_1_68' title='bbox 399 1461 541 1540; x_wconf 89' lang='lat' dir='ltr'><strong>insulas,</strong></span> <span class='ocrx_word' id='word_1_69' title='bbox 566 1485 631 1548; x_wconf 91' lang='lat' dir='ltr'><strong>quo</strong></span> <span class='ocrx_word' id='word_1_70' title='bbox 662 1461 743 1526; x_wconf 90' lang='lat' dir='ltr'><strong>facit</strong></span> <span class='ocrx_word' id='word_1_71' title='bbox 766 1464 888 1543; x_wconf 89' lang='lat' dir='ltr'><strong>etiam,</strong></span> <span class='ocrx_word' id='word_1_72' title='bbox 912 1464 1000 1549; x_wconf 89' lang='lat' dir='ltr'><strong>quod</strong></span> <span class='ocrx_word' id='word_1_73' title='bbox 1016 1463 1103 1551; x_wconf 90' lang='lat' dir='ltr'><strong>apud</strong></span> <span class='ocrx_word' id='word_1_74' title='bbox 1128 1462 1251 1528; x_wconf 84' lang='lat' dir='ltr'><strong>Home·</strong></span> 
     </span>
     <span class='ocr_line' id='line_1_10' title="bbox 119 1573 1250 1662; baseline 0.002 -25"><span class='ocrx_word' id='word_1_75' title='bbox 119 1596 201 1637; x_wconf 87' lang='lat' dir='ltr'><strong>rum</strong></span> <span class='ocrx_word' id='word_1_76' title='bbox 222 1573 254 1638; x_wconf 94' lang='lat' dir='ltr'><strong>d.</strong></span> <span class='ocrx_word' id='word_1_77' title='bbox 284 1575 308 1638; x_wconf 95' lang='lat' dir='ltr'><strong>l.</strong></span> <span class='ocrx_word' id='word_1_78' title='bbox 330 1573 475 1637; x_wconf 89' lang='lat' dir='ltr'><strong>alterum</strong></span> <span class='ocrx_word' id='word_1_79' title='bbox 501 1575 531 1639; x_wconf 90' lang='lat' dir='ltr'><strong>ei</strong></span> <span class='ocrx_word' id='word_1_80' title='bbox 544 1597 668 1641; x_wconf 90' lang='lat' dir='ltr'><strong>nomen</strong></span> <span class='ocrx_word' id='word_1_81' title='bbox 688 1574 789 1639; x_wconf 89' lang='lat' dir='ltr'><strong>fuisse</strong></span> <span class='ocrx_word' id='word_1_82' title='bbox 809 1574 956 1643; x_wconf 87' lang='lat' dir='ltr'><strong>traditur</strong></span> <span class='ocrx_word' id='word_1_83' title='bbox 977 1574 1138 1662; x_wconf 80' lang='lat' dir='ltr'><strong>Aegaeon.</strong></span> <span class='ocrx_word' id='word_1_84' title='bbox 1162 1576 1250 1640; x_wconf 89' lang='lat' dir='ltr'><strong>Eum</strong></span> 
     </span>
     <span class='ocr_line' id='line_1_11' title="bbox 120 1686 1250 1775; baseline 0.001 -23"><span class='ocrx_word' id='word_1_85' title='bbox 120 1710 141 1752; x_wconf 94' lang='lat' dir='ltr'><strong>a</strong></span> <span class='ocrx_word' id='word_1_86' title='bbox 162 1687 317 1775; x_wconf 88' lang='lat' dir='ltr'><strong>Neptuno</strong></span> <span class='ocrx_word' id='word_1_87' title='bbox 343 1700 536 1775; x_wconf 89' lang='lat' dir='ltr'><strong>superatum</strong></span> <span class='ocrx_word' id='word_1_88' title='bbox 560 1689 626 1754; x_wconf 89' lang='lat' dir='ltr'><strong>alia</strong></span> <span class='ocrx_word' id='word_1_89' title='bbox 651 1688 790 1753; x_wconf 90' lang='lat' dir='ltr'><strong>traditio</strong></span> <span class='ocrx_word' id='word_1_90' title='bbox 812 1687 956 1766; x_wconf 89' lang='lat' dir='ltr'><strong>ferebat,</strong></span> <span class='ocrx_word' id='word_1_91' title='bbox 992 1710 1093 1775; x_wconf 89' lang='lat' dir='ltr'><strong>quam</strong></span> <span class='ocrx_word' id='word_1_92' title='bbox 1119 1710 1162 1752; x_wconf 79' lang='lat' dir='ltr'><strong>ex</strong></span> <span class='ocrx_word' id='word_1_93' title='bbox 1183 1686 1250 1753; x_wconf 89' lang='lat' dir='ltr'><strong>Co·</strong></span> 
     </span>
     <span class='ocr_line' id='line_1_12' title="bbox 120 1799 1251 1890; baseline 0.003 -27"><span class='ocrx_word' id='word_1_94' title='bbox 120 1822 211 1864; x_wconf 90' lang='lat' dir='ltr'><strong>none</strong></span> <span class='ocrx_word' id='word_1_95' title='bbox 239 1800 344 1866; x_wconf 86' lang='lat' dir='ltr'><strong>refert</strong></span> <span class='ocrx_word' id='word_1_96' title='bbox 373 1799 485 1866; x_wconf 88' lang='lat' dir='ltr'><strong>Schol.</strong></span> <span class='ocrx_word' id='word_1_97' title='bbox 510 1802 669 1890; x_wconf 89' lang='lat' dir='ltr'><strong>Apollon.</strong></span> <span class='ocrx_word' id='word_1_98' title='bbox 698 1801 765 1866; x_wconf 87' lang='lat' dir='ltr'><strong>Rh.</strong></span> <span class='ocrx_word' id='word_1_99' title='bbox 793 1803 818 1867; x_wconf 93' lang='lat' dir='ltr'><strong>l.</strong></span> <span class='ocrx_word' id='word_1_100' title='bbox 846 1824 892 1881; x_wconf 89' lang='lat' dir='ltr'><strong>c.;</strong></span> <span class='ocrx_word' id='word_1_101' title='bbox 924 1802 1000 1866; x_wconf 89' lang='lat' dir='ltr'><strong>aliis</strong></span> <span class='ocrx_word' id='word_1_102' title='bbox 1019 1802 1161 1866; x_wconf 91' lang='lat' dir='ltr'><strong>eundem</strong></span> <span class='ocrx_word' id='word_1_103' title='bbox 1189 1801 1251 1866; x_wconf 91' lang='lat' dir='ltr'><strong>Ne-</strong></span> 
     </span>
     <span class='ocr_line' id='line_1_13' title="bbox 118 1913 1251 2001; baseline 0.003 -26"><span class='ocrx_word' id='word_1_104' title='bbox 118 1925 269 2000; x_wconf 88' lang='lat' dir='ltr'><strong>ptunum</strong></span> <span class='ocrx_word' id='word_1_105' title='bbox 299 1925 397 1999; x_wconf 88' lang='lat' dir='ltr'><strong>atque</strong></span> <span class='ocrx_word' id='word_1_106' title='bbox 419 1913 622 2000; x_wconf 89' lang='lat' dir='ltr'><strong>Aegaeonem</strong></span> <span class='ocrx_word' id='word_1_107' title='bbox 641 1913 916 2001; x_wconf 88' lang='lat' dir='ltr'><strong>perhibentibus,</strong></span> <span class='ocrx_word' id='word_1_108' title='bbox 932 1926 1013 1979; x_wconf 89' lang='lat' dir='ltr'><strong>teste</strong></span> <span class='ocrx_word' id='word_1_109' title='bbox 1035 1914 1201 2001; x_wconf 85' lang='lat' dir='ltr'><strong>Hesychio</strong></span> <span class='ocrx_word' id='word_1_110' title='bbox 1214 1915 1251 1978; x_wconf 90' lang='lat' dir='ltr'><strong>in</strong></span> 
     </span>
     <span class='ocr_line' id='line_1_14' title="bbox 120 2017 1253 2113; baseline 0.001 -24"><span class='ocrx_word' id='word_1_111' title='bbox 120 2017 280 2113; x_wconf 71' lang='grc' dir='ltr'><strong>Αἰγαίων.</strong></span> <span class='ocrx_word' id='word_1_112' title='bbox 325 2026 444 2092; x_wconf 86' lang='lat' dir='ltr'><strong>Videri</strong></span> <span class='ocrx_word' id='word_1_113' title='bbox 469 2038 577 2113; x_wconf 90' lang='lat' dir='ltr'><strong>potest</strong></span> <span class='ocrx_word' id='word_1_114' title='bbox 597 2028 635 2090; x_wconf 91' lang='lat' dir='ltr'><strong>in</strong></span> <span class='ocrx_word' id='word_1_115' title='bbox 656 2026 837 2112; x_wconf 88' lang='lat' dir='ltr'><strong>Aegaeonis</strong></span> <span class='ocrx_word' id='word_1_116' title='bbox 852 2027 965 2090; x_wconf 91' lang='lat' dir='ltr'><strong>locum</strong></span> <span class='ocrx_word' id='word_1_117' title='bbox 981 2037 1014 2089; x_wconf 90' lang='lat' dir='ltr'><strong>et</strong></span> <span class='ocrx_word' id='word_1_118' title='bbox 1029 2026 1171 2092; x_wconf 87' lang='lat' dir='ltr'><strong>honores</strong></span> <span class='ocrx_word' id='word_1_119' title='bbox 1184 2050 1253 2091; x_wconf 90' lang='lat' dir='ltr'><strong>suc·</strong></span> 
     </span>
     <span class='ocr_line' id='line_1_15' title="bbox 119 2116 1252 2239; baseline 0.002 -38"><span class='ocrx_word' id='word_1_120' title='bbox 119 2116 250 2201; x_wconf 71' lang='lat' dir='ltr'><strong>cessisse</strong></span> <span class='ocrx_word' id='word_1_121' title='bbox 272 2136 463 2223; x_wconf 83' lang='lat' dir='ltr'><strong>Neptunus,</strong></span> <span class='ocrx_word' id='word_1_122' title='bbox 487 2138 581 2201; x_wconf 90' lang='lat' dir='ltr'><strong>utin</strong></span> <span class='ocrx_word' id='word_1_123' title='bbox 602 2136 707 2203; x_wconf 90' lang='lat' dir='ltr'><strong>Croni</strong></span> <span class='ocrx_word' id='word_1_124' title='bbox 732 2138 846 2201; x_wconf 90' lang='lat' dir='ltr'><strong>locum</strong></span> <span class='ocrx_word' id='word_1_125' title='bbox 872 2139 1011 2225; x_wconf 87' lang='lat' dir='ltr'><strong>Iupiter.</strong></span> <span class='ocrx_word' id='word_1_126' title='bbox 1059 2140 1113 2204; x_wconf 80' lang='lat' dir='ltr'><strong>En</strong></span> <span class='ocrx_word' id='word_1_127' title='bbox 1138 2141 1252 2239; x_wconf 71' lang='lat' dir='ltr'><strong>eodem</strong></span> 
     </span>
     <span class='ocr_line' id='line_1_16' title="bbox 122 2244 1253 2335; baseline 0.001 -21"><span class='ocrx_word' id='word_1_128' title='bbox 122 2248 310 2314; x_wconf 86' lang='lat' dir='ltr'><strong>Scholiasta</strong></span> <span class='ocrx_word' id='word_1_129' title='bbox 335 2247 512 2335; x_wconf 91' lang='lat' dir='ltr'><strong>Apollonii</strong></span> <span class='ocrx_word' id='word_1_130' title='bbox 534 2250 708 2327; x_wconf 86' lang='lat' dir='ltr'><strong>discimus,</strong></span> <span class='ocrx_word' id='word_1_131' title='bbox 732 2249 915 2314; x_wconf 88' lang='lat' dir='ltr'><strong>Eumelum</strong></span> <span class='ocrx_word' id='word_1_132' title='bbox 938 2248 976 2314; x_wconf 93' lang='lat' dir='ltr'><strong>in</strong></span> <span class='ocrx_word' id='word_1_133' title='bbox 999 2244 1253 2315; x_wconf 79' lang='lat' dir='ltr'><strong>Titanoniachia</strong></span> 
     </span>
     <span class='ocr_line' id='line_1_17' title="bbox 122 2360 1251 2451; baseline 0.004 -27"><span class='ocrx_word' id='word_1_134' title='bbox 122 2361 309 2449; x_wconf 89' lang='lat' dir='ltr'><strong>prodidisse</strong></span> <span class='ocrx_word' id='word_1_135' title='bbox 333 2362 548 2449; x_wconf 88' lang='lat' dir='ltr'><strong>Aegaeonem,</strong></span> <span class='ocrx_word' id='word_1_136' title='bbox 569 2362 690 2426; x_wconf 89' lang='lat' dir='ltr'><strong>Terrae</strong></span> <span class='ocrx_word' id='word_1_137' title='bbox 710 2384 747 2425; x_wconf 91' lang='lat' dir='ltr'><strong>ac</strong></span> <span class='ocrx_word' id='word_1_138' title='bbox 766 2361 865 2425; x_wconf 90' lang='lat' dir='ltr'><strong>Ponti</strong></span> <span class='ocrx_word' id='word_1_139' title='bbox 886 2362 999 2426; x_wconf 90' lang='lat' dir='ltr'><strong>filium</strong></span> <span class='ocrx_word' id='word_1_140' title='bbox 1023 2360 1137 2451; x_wconf 82' lang='lat' dir='ltr'><strong>(Conf.</strong></span> <span class='ocrx_word' id='word_1_141' title='bbox 1161 2361 1251 2430; x_wconf 88' lang='lat' dir='ltr'><strong>Serv.</strong></span> 
     </span>
     <span class='ocr_line' id='line_1_18' title="bbox 124 2472 1255 2563; baseline 0.002 -25"><span class='ocrx_word' id='word_1_142' title='bbox 124 2474 167 2538; x_wconf 93' lang='lat' dir='ltr'><strong>ad</strong></span> <span class='ocrx_word' id='word_1_143' title='bbox 179 2474 260 2539; x_wconf 90' lang='lat' dir='ltr'><strong>Aen.</strong></span> <span class='ocrx_word' id='word_1_144' title='bbox 281 2475 339 2542; x_wconf 88' lang='lat' dir='ltr'><strong>VI.</strong></span> <span class='ocrx_word' id='word_1_145' title='bbox 360 2472 462 2562; x_wconf 85' lang='lat'><strong>257.),</strong></span> <span class='ocrx_word' id='word_1_146' title='bbox 480 2474 517 2538; x_wconf 93' lang='lat' dir='ltr'><strong>in</strong></span> <span class='ocrx_word' id='word_1_147' title='bbox 539 2475 626 2539; x_wconf 89' lang='lat' dir='ltr'><strong>mari</strong></span> <span class='ocrx_word' id='word_1_148' title='bbox 645 2473 864 2552; x_wconf 86' lang='lat' dir='ltr'><strong>habitantem,</strong></span> <span class='ocrx_word' id='word_1_149' title='bbox 886 2497 904 2538; x_wconf 93' lang='lat' dir='ltr'><strong>a</strong></span> <span class='ocrx_word' id='word_1_150' title='bbox 926 2474 1087 2539; x_wconf 86' lang='lat' dir='ltr'><strong>Titanum</strong></span> <span class='ocrx_word' id='word_1_151' title='bbox 1101 2476 1255 2563; x_wconf 85' lang='lat' dir='ltr'><strong>partibus</strong></span> 
     </span>
     <span class='ocr_line' id='line_1_19' title="bbox 120 2587 1287 2659; baseline 0.005 -6"><span class='ocrx_word' id='word_1_152' title='bbox 120 2588 258 2653; x_wconf 86' lang='lat' dir='ltr'><strong>stetisse.</strong></span> <span class='ocrx_word' id='word_1_153' title='bbox 305 2589 470 2654; x_wconf 88' lang='lat' dir='ltr'><strong>Memorat</strong></span> <span class='ocrx_word' id='word_1_154' title='bbox 491 2587 664 2653; x_wconf 89' lang='lat' dir='ltr'><strong>Briareum</strong></span> <span class='ocrx_word' id='word_1_155' title='bbox 689 2587 920 2654; x_wconf 87' lang='lat' dir='ltr'><strong>Callimachus</strong></span> <span class='ocrx_word' id='word_1_156' title='bbox 947 2588 988 2654; x_wconf 89' lang='lat' dir='ltr'><strong>H.</strong></span> <span class='ocrx_word' id='word_1_157' title='bbox 1015 2589 1053 2653; x_wconf 93' lang='lat' dir='ltr'><strong>in</strong></span> <span class='ocrx_word' id='word_1_158' title='bbox 1081 2590 1154 2656; x_wconf 92' lang='lat' dir='ltr'><strong>Del.</strong></span> <span class='ocrx_word' id='word_1_159' title='bbox 1180 2591 1253 2655; x_wconf 81' lang='lat'><strong>143.</strong></span> <span class='ocrx_word' id='word_1_160' title='bbox 1284 2648 1287 2659; x_wconf 87' lang='lat'><strong>.</strong></span> 
     </span>
     <span class='ocr_line' id='line_1_20' title="bbox 121 2699 1255 2792; baseline 0.004 -27"><span class='ocrx_word' id='word_1_161' title='bbox 121 2700 186 2765; x_wconf 90' lang='lat' dir='ltr'><strong>sub</strong></span> <span class='ocrx_word' id='word_1_162' title='bbox 202 2700 308 2767; x_wconf 87' lang='lat' dir='ltr'><strong>Aetna</strong></span> <span class='ocrx_word' id='word_1_163' title='bbox 327 2701 519 2780; x_wconf 90' lang='lat' dir='ltr'><strong>conditum,</strong></span> <span class='ocrx_word' id='word_1_164' title='bbox 543 2701 582 2766; x_wconf 91' lang='lat' dir='ltr'><strong>in</strong></span> <span class='ocrx_word' id='word_1_165' title='bbox 605 2700 764 2778; x_wconf 88' lang='lat' dir='ltr'><strong>eiusdem,</strong></span> <span class='ocrx_word' id='word_1_166' title='bbox 787 2702 825 2764; x_wconf 90' lang='lat' dir='ltr'><strong>ni</strong></span> <span class='ocrx_word' id='word_1_167' title='bbox 847 2699 960 2780; x_wconf 89' lang='lat' dir='ltr'><strong>fallor,</strong></span> <span class='ocrx_word' id='word_1_168' title='bbox 986 2704 1149 2768; x_wconf 89' lang='lat' dir='ltr'><strong>societatis</strong></span> <span class='ocrx_word' id='word_1_169' title='bbox 1172 2727 1255 2792; x_wconf 91' lang='lat' dir='ltr'><strong>poe·</strong></span> 
     </span>
     <span class='ocr_line' id='line_1_21' title="bbox 122 2810 1253 2902; baseline 0.002 -24"><span class='ocrx_word' id='word_1_170' title='bbox 122 2835 216 2882; x_wconf 88' lang='lat' dir='ltr'><strong>nam.</strong></span> <span class='ocrx_word' id='word_1_171' title='bbox 261 2813 396 2879; x_wconf 88' lang='lat' dir='ltr'><strong>Hostem</strong></span> <span class='ocrx_word' id='word_1_172' title='bbox 423 2813 495 2877; x_wconf 86' lang='lat' dir='ltr'><strong>lovi</strong></span> <span class='ocrx_word' id='word_1_173' title='bbox 521 2813 688 2887; x_wconf 83' lang='lat' dir='ltr'><strong>inducunt</strong></span> <span class='ocrx_word' id='word_1_174' title='bbox 714 2810 822 2875; x_wconf 90' lang='lat' dir='ltr'><strong>ferme</strong></span> <span class='ocrx_word' id='word_1_175' title='bbox 844 2814 945 2889; x_wconf 85' lang='lat' dir='ltr'><strong>etiam</strong></span> <span class='ocrx_word' id='word_1_176' title='bbox 976 2816 1089 2895; x_wconf 78' lang='lat' dir='ltr'><strong>Latini</strong></span> <span class='ocrx_word' id='word_1_177' title='bbox 1117 2814 1253 2902; x_wconf 72' lang='lat' dir='ltr'><strong>poetae,</strong></span> 
     </span>
     <span class='ocr_line' id='line_1_22' title="bbox 29 2922 1253 3023; baseline -0.001 -30"><span class='ocrx_word' id='word_1_178' title='bbox 29 2962 35 2973; x_wconf 92' lang='lat'>·</span> <span class='ocrx_word' id='word_1_179' title='bbox 122 2926 248 3012; x_wconf 89' lang='lat' dir='ltr'><strong>Virgil.</strong></span> <span class='ocrx_word' id='word_1_180' title='bbox 270 2925 352 2993; x_wconf 90' lang='lat' dir='ltr'><strong>Aen.</strong></span> <span class='ocrx_word' id='word_1_181' title='bbox 373 2926 416 2990; x_wconf 87' lang='lat' dir='ltr'><strong>X.</strong></span> <span class='ocrx_word' id='word_1_182' title='bbox 434 2927 497 2990; x_wconf 82' lang='lat'><strong>565</strong></span> <span class='ocrx_word' id='word_1_183' title='bbox 515 2948 600 3011; x_wconf 90' lang='lat' dir='ltr'><strong>seqq.</strong></span> <span class='ocrx_word' id='word_1_184' title='bbox 618 2925 697 2990; x_wconf 91' lang='lat' dir='ltr'><strong>Hor.</strong></span> <span class='ocrx_word' id='word_1_185' title='bbox 716 2922 780 3023; x_wconf 62' lang='grc' dir='ltr'><strong>φά.</strong></span> <span class='ocrx_word' id='word_1_186' title='bbox 800 2922 859 2988; x_wconf 89' lang='lat' dir='ltr'><strong>lll.</strong></span> <span class='ocrx_word' id='word_1_187' title='bbox 872 2924 930 2991; x_wconf 86' lang='lat' dir='ltr'><strong>IV.</strong></span> <span class='ocrx_word' id='word_1_188' title='bbox 947 2927 1001 2993; x_wconf 88' lang='grc'><strong>69.</strong></span> <span class='ocrx_word' id='word_1_189' title='bbox 1015 2925 1115 2994; x_wconf 86' lang='lat' dir='ltr'><strong>Ovid.</strong></span> <span class='ocrx_word' id='word_1_190' title='bbox 1131 2928 1191 2993; x_wconf 86' lang='lat' dir='ltr'><strong>lll.</strong></span> <span class='ocrx_word' id='word_1_191' title='bbox 1215 2930 1253 2993; x_wconf 91' lang='lat' dir='ltr'><strong>F.</strong></span> 
     </span>
     <span class='ocr_line' id='line_1_23' title="bbox 125 3036 1254 3107; baseline 0.002 -3"><span class='ocrx_word' id='word_1_192' title='bbox 125 3041 203 3104; x_wconf 81' lang='lat'><strong>805.</strong></span> <span class='ocrx_word' id='word_1_193' title='bbox 223 3038 342 3104; x_wconf 87' lang='lat' dir='ltr'><strong>Seneca</strong></span> <span class='ocrx_word' id='word_1_194' title='bbox 360 3038 454 3102; x_wconf 90' lang='lat' dir='ltr'><strong>Herc.</strong></span> <span class='ocrx_word' id='word_1_195' title='bbox 471 3036 545 3103; x_wconf 89' lang='lat' dir='ltr'><strong>Oet.</strong></span> <span class='ocrx_word' id='word_1_196' title='bbox 561 3039 635 3103; x_wconf 82' lang='lat'><strong>167.</strong></span> <span class='ocrx_word' id='word_1_197' title='bbox 648 3038 773 3102; x_wconf 90' lang='lat' dir='ltr'><strong>Lucan.</strong></span> <span class='ocrx_word' id='word_1_198' title='bbox 790 3037 847 3105; x_wconf 82' lang='lat' dir='ltr'><strong>lV.</strong></span> <span class='ocrx_word' id='word_1_199' title='bbox 864 3037 1075 3104; x_wconf 62' lang='lat' dir='ltr'><strong>saumarius</strong></span> <span class='ocrx_word' id='word_1_200' title='bbox 1089 3039 1132 3105; x_wconf 94' lang='lat' dir='ltr'><strong>Il.</strong></span> <span class='ocrx_word' id='word_1_201' title='bbox 1148 3039 1254 3107; x_wconf 89' lang='lat' dir='ltr'><strong>Theb.</strong></span> 
     </span>
     <span class='ocr_line' id='line_1_24' title="bbox 126 3149 1255 3236; baseline 0.003 -21"><span class='ocrx_word' id='word_1_202' title='bbox 126 3153 204 3215; x_wconf 83' lang='lat'><strong>596.</strong></span> <span class='ocrx_word' id='word_1_203' title='bbox 232 3151 290 3214; x_wconf 91' lang='lat' dir='ltr'><strong>ubi</strong></span> <span class='ocrx_word' id='word_1_204' title='bbox 319 3152 387 3215; x_wconf 81' lang='lat' dir='ltr'><strong>vid.</strong></span> <span class='ocrx_word' id='word_1_205' title='bbox 421 3150 625 3215; x_wconf 89' lang='lat' dir='ltr'><strong>Lactantius.</strong></span> <span class='ocrx_word' id='word_1_206' title='bbox 673 3149 762 3215; x_wconf 88' lang='lat' dir='ltr'><strong>Mihi</strong></span> <span class='ocrx_word' id='word_1_207' title='bbox 779 3150 918 3236; x_wconf 91' lang='lat' dir='ltr'><strong>quidem</strong></span> <span class='ocrx_word' id='word_1_208' title='bbox 943 3174 986 3216; x_wconf 86' lang='lat' dir='ltr'><strong>ex</strong></span> <span class='ocrx_word' id='word_1_209' title='bbox 1006 3152 1137 3216; x_wconf 89' lang='lat' dir='ltr'><strong>collatis</strong></span> <span class='ocrx_word' id='word_1_210' title='bbox 1158 3153 1255 3220; x_wconf 89' lang='lat' dir='ltr'><strong>Vete-</strong></span> 
     </span>
     <span class='ocr_line' id='line_1_25' title="bbox 124 3262 1256 3351; baseline 0.004 -25"><span class='ocrx_word' id='word_1_211' title='bbox 124 3284 206 3326; x_wconf 90' lang='lat' dir='ltr'><strong>rum</strong></span> <span class='ocrx_word' id='word_1_212' title='bbox 222 3262 302 3325; x_wconf 92' lang='lat' dir='ltr'><strong>locis</strong></span> <span class='ocrx_word' id='word_1_213' title='bbox 324 3264 452 3348; x_wconf 89' lang='lat' dir='ltr'><strong>liquere</strong></span> <span class='ocrx_word' id='word_1_214' title='bbox 471 3262 617 3340; x_wconf 89' lang='lat' dir='ltr'><strong>videtur,</strong></span> <span class='ocrx_word' id='word_1_215' title='bbox 638 3262 825 3347; x_wconf 84' lang='lat' dir='ltr'><strong>antiquitus</strong></span> <span class='ocrx_word' id='word_1_216' title='bbox 844 3263 972 3328; x_wconf 89' lang='lat' dir='ltr'><strong>Briarei</strong></span> <span class='ocrx_word' id='word_1_217' title='bbox 991 3285 1130 3351; x_wconf 89' lang='lat' dir='ltr'><strong>persona</strong></span> <span class='ocrx_word' id='word_1_218' title='bbox 1148 3267 1256 3331; x_wconf 88' lang='lat' dir='ltr'><strong>decla·</strong></span> 
     </span>
     <span class='ocr_line' id='line_1_26' title="bbox 124 3371 1256 3466; baseline 0.004 -27"><span class='ocrx_word' id='word_1_219' title='bbox 124 3386 236 3439; x_wconf 90' lang='lat' dir='ltr'><strong>ratam</strong></span> <span class='ocrx_word' id='word_1_220' title='bbox 253 3371 353 3438; x_wconf 86' lang='lat' dir='ltr'><strong>fuisse</strong></span> <span class='ocrx_word' id='word_1_221' title='bbox 371 3387 598 3462; x_wconf 89' lang='lat' dir='ltr'><strong>portentosam</strong></span> <span class='ocrx_word' id='word_1_222' title='bbox 619 3375 691 3439; x_wconf 83' lang='lat' dir='ltr'><strong>vim</strong></span> <span class='ocrx_word' id='word_1_223' title='bbox 712 3376 892 3440; x_wconf 87' lang='lat' dir='ltr'><strong>aestuantis</strong></span> <span class='ocrx_word' id='word_1_224' title='bbox 913 3377 1033 3455; x_wconf 89' lang='lat' dir='ltr'><strong>maris,</strong></span> <span class='ocrx_word' id='word_1_225' title='bbox 1060 3379 1256 3466; x_wconf 88' lang='lat' dir='ltr'><strong>praesertim</strong></span> 
     </span>
     <span class='ocr_line' id='line_1_27' title="bbox 126 3485 1256 3578; baseline 0 -24"><span class='ocrx_word' id='word_1_226' title='bbox 126 3485 261 3574; x_wconf 87' lang='lat' dir='ltr'><strong>Aegaei:</strong></span> <span class='ocrx_word' id='word_1_227' title='bbox 285 3508 351 3571; x_wconf 91' lang='lat' dir='ltr'><strong>quo</strong></span> <span class='ocrx_word' id='word_1_228' title='bbox 366 3487 506 3552; x_wconf 89' lang='lat' dir='ltr'><strong>admisso</strong></span> <span class='ocrx_word' id='word_1_229' title='bbox 530 3486 701 3551; x_wconf 88' lang='lat' dir='ltr'><strong>videbitur</strong></span> <span class='ocrx_word' id='word_1_230' title='bbox 723 3510 793 3553; x_wconf 91' lang='lat' dir='ltr'><strong>non</strong></span> <span class='ocrx_word' id='word_1_231' title='bbox 808 3488 921 3576; x_wconf 88' lang='lat' dir='ltr'><strong>inepte</strong></span> <span class='ocrx_word' id='word_1_232' title='bbox 936 3489 992 3554; x_wconf 83' lang='lat' dir='ltr'><strong>hle</strong></span> <span class='ocrx_word' id='word_1_233' title='bbox 1008 3490 1092 3577; x_wconf 87' lang='lat' dir='ltr'><strong>fingi</strong></span> <span class='ocrx_word' id='word_1_234' title='bbox 1107 3491 1256 3578; x_wconf 90' lang='lat' dir='ltr'><strong>Neptuni</strong></span> 
     </span>
     <span class='ocr_line' id='line_1_28' title="bbox 124 3597 1257 3690; baseline 0.002 -25"><span class='ocrx_word' id='word_1_235' title='bbox 124 3622 226 3690; x_wconf 88' lang='lat' dir='ltr'><strong>gener</strong></span> <span class='ocrx_word' id='word_1_236' title='bbox 249 3597 411 3676; x_wconf 87' lang='lat' dir='ltr'><strong>Briareus,</strong></span> <span class='ocrx_word' id='word_1_237' title='bbox 436 3621 536 3684; x_wconf 90' lang='lat' dir='ltr'><strong>quem</strong></span> <span class='ocrx_word' id='word_1_238' title='bbox 558 3599 605 3662; x_wconf 87' lang='lat' dir='ltr'><strong>sio</strong></span> <span class='ocrx_word' id='word_1_239' title='bbox 627 3599 687 3663; x_wconf 87' lang='lat' dir='ltr'><strong>ille</strong></span> <span class='ocrx_word' id='word_1_240' title='bbox 710 3600 819 3687; x_wconf 80' lang='lat' dir='ltr'><strong>magis,</strong></span> <span class='ocrx_word' id='word_1_241' title='bbox 837 3602 939 3666; x_wconf 88' lang='lat' dir='ltr'><strong>etiam</strong></span> <span class='ocrx_word' id='word_1_242' title='bbox 956 3601 1064 3666; x_wconf 87' lang='lat' dir='ltr'><strong>fidum</strong></span> <span class='ocrx_word' id='word_1_243' title='bbox 1078 3602 1257 3667; x_wconf 86' lang='lat' dir='ltr'><strong>habiturus</strong></span> 
     </span>
     <span class='ocr_line' id='line_1_29' title="bbox 114 3706 1252 3784; baseline 0.002 -5"><span class='ocrx_word' id='word_1_244' title='bbox 114 3724 207 3780; x_wconf 66' lang='lat' dir='ltr'><strong>esset</strong></span> <span class='ocrx_word' id='word_1_245' title='bbox 224 3709 414 3776; x_wconf 89' lang='lat' dir='ltr'><strong>constitutis</strong></span> <span class='ocrx_word' id='word_1_246' title='bbox 431 3710 472 3774; x_wconf 91' lang='lat' dir='ltr'><strong>ab</strong></span> <span class='ocrx_word' id='word_1_247' title='bbox 491 3733 524 3775; x_wconf 92' lang='lat' dir='ltr'><strong>se</strong></span> <span class='ocrx_word' id='word_1_248' title='bbox 542 3706 674 3776; x_wconf 87' lang='lat' dir='ltr'><strong>Tartari</strong></span> <span class='ocrx_word' id='word_1_249' title='bbox 691 3709 821 3776; x_wconf 89' lang='lat' dir='ltr'><strong>foribus</strong></span> <span class='ocrx_word' id='word_1_250' title='bbox 837 3716 1016 3780; x_wconf 88' lang='lat' dir='ltr'><strong>custodem.</strong></span> <span class='ocrx_word' id='word_1_251' title='bbox 1052 3715 1159 3782; x_wconf 88' lang='lat' dir='ltr'><strong>Versu</strong></span> <span class='ocrx_word' id='word_1_252' title='bbox 1176 3719 1252 3784; x_wconf 82' lang='lat'><strong>819.</strong></span> 
     </span>
     <span class='ocr_line' id='line_1_30' title="bbox 127 3814 1256 3913; baseline 0.002 -25"><span class='ocrx_word' id='word_1_253' title='bbox 127 3814 354 3908; x_wconf 63' lang='grc' dir='ltr'><strong>Κυμοπόλειαν</strong></span> <span class='ocrx_word' id='word_1_254' title='bbox 376 3821 602 3907; x_wconf 87' lang='lat' dir='ltr'><strong>Goettlingius</strong></span> <span class='ocrx_word' id='word_1_255' title='bbox 622 3824 706 3887; x_wconf 93' lang='lat' dir='ltr'><strong>item</strong></span> <span class='ocrx_word' id='word_1_256' title='bbox 728 3822 834 3890; x_wconf 87' lang='lat' dir='ltr'><strong>refert</strong></span> <span class='ocrx_word' id='word_1_257' title='bbox 852 3826 944 3890; x_wconf 88' lang='lat' dir='ltr'><strong>inter</strong></span> <span class='ocrx_word' id='word_1_258' title='bbox 966 3826 1107 3906; x_wconf 90' lang='lat' dir='ltr'><strong>indicia,</strong></span> <span class='ocrx_word' id='word_1_259' title='bbox 1136 3827 1256 3913; x_wconf 89' lang='lat' dir='ltr'><strong>quibus</strong></span> 
     </span>
     <span class='ocr_line' id='line_1_31' title="bbox 127 3922 1257 4023; baseline 0.003 -21"><span class='ocrx_word' id='word_1_260' title='bbox 127 3939 180 4002; x_wconf 92' lang='lat' dir='ltr'><strong>loc</strong></span> <span class='ocrx_word' id='word_1_261' title='bbox 205 3962 219 4001; x_wconf 90' lang='lat' dir='ltr'><strong>s</strong></span> <span class='ocrx_word' id='word_1_262' title='bbox 244 3937 303 4003; x_wconf 87' lang='lat' dir='ltr'><strong>hic</strong></span> <span class='ocrx_word' id='word_1_263' title='bbox 333 3922 458 4005; x_wconf 25' lang='lat' dir='ltr'><strong>tudelae·</strong></span> <span class='ocrx_word' id='word_1_264' title='bbox 484 3949 652 4023; x_wconf 86' lang='lat' dir='ltr'><strong>arguatur.</strong></span> <span class='ocrx_word' id='word_1_265' title='bbox 701 3936 807 4004; x_wconf 88' lang='lat' dir='ltr'><strong>Causa</strong></span> <span class='ocrx_word' id='word_1_266' title='bbox 835 3937 866 4003; x_wconf 91' lang='lat' dir='ltr'><strong>ei</strong></span> <span class='ocrx_word' id='word_1_267' title='bbox 897 3939 943 4003; x_wconf 89' lang='lat' dir='ltr'><strong>sic</strong></span> <span class='ocrx_word' id='word_1_268' title='bbox 966 3940 1134 4005; x_wconf 87' lang='lat' dir='ltr'><strong>statuendi</strong></span> <span class='ocrx_word' id='word_1_269' title='bbox 1156 3938 1257 4005; x_wconf 86' lang='lat' dir='ltr'><strong>fuisse</strong></span> 
     </span>
     <span class='ocr_line' id='line_1_32' title="bbox 127 3962 1254 4139; baseline 0 -24"><span class='ocrx_word' id='word_1_270' title='bbox 127 3962 243 4137; x_wconf 68' lang='lat' dir='ltr'><strong>mylbi</strong></span> <span class='ocrx_word' id='word_1_271' title='bbox 265 4049 444 4116; x_wconf 88' lang='lat' dir='ltr'><strong>insolentia</strong></span> <span class='ocrx_word' id='word_1_272' title='bbox 468 4048 610 4128; x_wconf 86' lang='lat' dir='ltr'><strong>videtur,</strong></span> <span class='ocrx_word' id='word_1_273' title='bbox 635 4050 675 4114; x_wconf 88' lang='lat' dir='ltr'><strong>de</strong></span> <span class='ocrx_word' id='word_1_274' title='bbox 694 4073 759 4135; x_wconf 92' lang='lat' dir='ltr'><strong>qua</strong></span> <span class='ocrx_word' id='word_1_275' title='bbox 772 4050 923 4119; x_wconf 89' lang='lat' dir='ltr'><strong>Wolfius</strong></span> <span class='ocrx_word' id='word_1_276' title='bbox 940 4051 1008 4115; x_wconf 90' lang='lat' dir='ltr'><strong>iam</strong></span> <span class='ocrx_word' id='word_1_277' title='bbox 1023 4063 1142 4139; x_wconf 87' lang='lat' dir='ltr'><strong>egerat,</strong></span> <span class='ocrx_word' id='word_1_278' title='bbox 1156 4075 1254 4137; x_wconf 90' lang='lat' dir='ltr'><strong>quem</strong></span> 
     </span>
     <span class='ocr_line' id='line_1_33' title="bbox 128 4162 1254 4249; baseline 0.003 -24"><span class='ocrx_word' id='word_1_279' title='bbox 128 4174 240 4227; x_wconf 86' lang='lat' dir='ltr'><strong>tamen</strong></span> <span class='ocrx_word' id='word_1_280' title='bbox 262 4163 304 4228; x_wconf 88' lang='lat' dir='ltr'><strong>ob</strong></span> <span class='ocrx_word' id='word_1_281' title='bbox 326 4164 418 4228; x_wconf 91' lang='lat' dir='ltr'><strong>hunc</strong></span> <span class='ocrx_word' id='word_1_282' title='bbox 440 4163 551 4249; x_wconf 85' lang='lat' dir='ltr'><strong>ipsum</strong></span> <span class='ocrx_word' id='word_1_283' title='bbox 575 4162 736 4248; x_wconf 87' lang='lat' dir='ltr'><strong>mythum</strong></span> <span class='ocrx_word' id='word_1_284' title='bbox 757 4185 841 4249; x_wconf 91' lang='lat' dir='ltr'><strong>pene</strong></span> <span class='ocrx_word' id='word_1_285' title='bbox 857 4162 1005 4227; x_wconf 86' lang='lat' dir='ltr'><strong>veritum</strong></span> <span class='ocrx_word' id='word_1_286' title='bbox 1022 4163 1254 4228; x_wconf 88' lang='lat' dir='ltr'><strong>videaslocum</strong></span> 
     </span>
    </p>
   </div>
   <div class='ocr_carea' id='block_1_4' title="bbox 11 4275 463 4342">
    <p class='ocr_par' dir='ltr' id='par_1_4' title="bbox 11 4275 463 4342">
     <span class='ocr_line' id='line_1_34' title="bbox 11 4275 463 4342; baseline 0.015 -7"><span class='ocrx_word' id='word_1_287' title='bbox 11 4290 12 4293; x_wconf 72' lang='grc'>’</span> <span class='ocrx_word' id='word_1_288' title='bbox 89 4334 92 4339; x_wconf 91' lang='grc'>,</span> <span class='ocrx_word' id='word_1_289' title='bbox 129 4275 261 4339; x_wconf 86' lang='lat' dir='ltr'><strong>uncinis</strong></span> <span class='ocrx_word' id='word_1_290' title='bbox 283 4276 463 4342; x_wconf 81' lang='lat' dir='ltr'><strong>includere:</strong></span> 
     </span>
    </p>
   </div>
   <div class='ocr_carea' id='block_1_5' title="bbox 0 0 1502 5209">
    <p class='ocr_par' dir='ltr' id='par_1_5' title="bbox 0 0 1502 5209">
     <span class='ocr_line' id='line_1_35' title="bbox 0 0 1502 5209; baseline 0 0"><span class='ocrx_word' id='word_1_291' title='bbox 0 0 1502 5209; x_wconf 95' lang='lat' dir='ltr'><strong> </strong></span> 
     </span>
    </p>
   </div>
  </div>
 </body>
</html>
