2967 5209
264 498 349 601 244Ι
700 527 940 574 consumatus

181 724 187 737 ·
263 718 341 761 cum
373 695 511 762 iusserat
534 696 752 784 Eurystheus.
776 692 875 762 Conf.
903 694 1059 783 Apollod.
1085 692 1128 757 ll.
1151 691 1194 760 V.
1216 693 1272 756 10.·
1326 690 1393 754 Res

263 820 351 896 gesta
370 808 408 872 in
428 807 574 895 Erythia
594 808 725 901 insula,
748 830 850 895 quam
869 806 1083 893 Pherecydes,
1108 813 1394 891 eumquesecutus

264 920 497 1010 Apollodorus,
519 941 584 986 esse
605 922 726 987 volunt
745 920 867 999 Gades,
894 919 955 986 alii
976 919 1121 985 insulam
1142 917 1237 981 iuxta
1267 914 1394 995 Gades,

263 1033 389 1117 scilicet
418 1055 509 1111 eam,
543 1055 626 1120 quae
649 1056 739 1098 nune
766 1032 954 1097 continenti
975 1030 1140 1097 adhaeret.
1164 1014 1241 1097 Vid.
1268 1027 1394 1093 Herod.

264 1145 322 1213 lV.
345 1148 377 1212 8.
401 1143 519 1212 Strabo
538 1146 597 1211 ΠΙ.
621 1130 656 1234 p.
679 1146 755 1211 221.
802 1144 844 1210 lu
862 1165 935 1208 eam
954 1142 1102 1207 insulam
1126 1140 1219 1205 venit
1235 1126 1396 1205 Hercules

264 1246 389 1344 διαβὰς
409 1247 504 1345 πόρον
525 1252 691 1323 Ὠκεανοῖο
724 1257 770 1348 (r.
795 1260 890 1342 292.)
910 1257 1065 1331 traiecto,
1088 1255 1177 1341 quod
1202 1253 1293 1318 inter
1314 1274 1396 1316 con·

262 1372 429 1437 tinentem
462 1382 496 1434 et
518 1371 667 1437 insulam
689 1383 777 1451 eret,
799 1369 925 1437 Oceani
953 1366 1051 1433 freto.
1097 1365 1275 1453 Quomodo
1293 1364 1396 1429 traie-

263 1482 363 1560 cerit,
395 1481 451 1546 hle
478 1506 548 1548 non
569 1483 705 1549 dicitnr.
753 1481 815 1548 Sed
844 1482 886 1547 ab
908 1479 1094 1547 Stesichoro
1119 1479 1157 1544 in
1178 1477 1395 1565 Geryonide,

264 1594 421 1660 Pisandro
446 1606 478 1659 et
497 1595 638 1682 Panyasi
658 1595 695 1659 in
717 1594 894 1673 Heracleis,
921 1593 1029 1657 dictus
1050 1603 1098 1657 est
1118 1590 1282 1655 traiecisse
1301 1589 1395 1655 Her·

263 1707 352 1772 cules
371 1705 459 1772 Solis
481 1694 601 1772 δέπατι
624 1731 648 1772 s.
670 1697 795 1793 Φιάλη,
817 1706 947 1794 cymbii
961 1705 1067 1770 instar
1087 1703 1230 1768 habente
1245 1702 1393 1790 navigio,

263 1840 329 1904 quo
360 1816 417 1884 Sol
442 1819 513 1907 ipse
541 1820 592 1884 uti
616 1821 754 1898 soleret,
779 1832 818 1883 ut
837 1831 913 1907 post
939 1840 1089 1884 occasum
1111 1816 1153 1880 ab
1170 1813 1394 1902 Hesperidum

263 1930 398 2018 regione
418 1941 585 1996 nocturno
607 1931 731 1996 itinere
746 1953 807 2019 per
828 1930 998 1997 Oceanum
1019 1931 1059 1995 ad
1075 1929 1241 1993 orientem
1257 1926 1393 1992 rediret.

263 2042 350 2109 Vide
370 2042 580 2108 Athenaeum
601 2043 660 2109 xl.
682 2066 718 2131 p.
741 2046 817 2111 469.
836 2055 870 2109 et
891 2054 1041 2109 accurate
1059 2042 1100 2109 de
1119 2043 1183 2108 hoc
1198 2043 1321 2130 mytho
1340 2042 1394 2108 di·

263 2169 452 2245 sputantem
482 2156 654 2245 Hcynium
679 2159 718 2223 ad
742 2158 900 2247 Apollod.
918 2156 1068 2245 Obsesp.
1094 2158 1168 2225 163.
1214 2157 1334 2222 Delato
1356 2157 1393 2221 in

263 2269 410 2334 insulam
433 2268 571 2335 Herculi
587 2271 742 2358 primum
762 2292 814 2335 res
839 2267 909 2335 fuit
929 2292 1008 2335 cum
1026 2270 1161 2334 custode
1180 2268 1295 2348 houm,
1313 2291 1393 2334 cane

212 2372 219 2381 ⁰
262 2379 392 2460 Orthe,
427 2381 625 2471 Typhaonis
653 2395 687 2447 et
710 2382 880 2448 Echidnae
903 2383 977 2447 filio
1002 2378 1047 2470 (v.
1070 2383 1146 2447 293.
1172 2379 1263 2467 309.)
1286 2379 1394 2446 fratre

262 2492 411 2571 Cerberi,
425 2494 514 2577 unde
532 2493 643 2581 ipsum
663 2515 794 2579 quoque
816 2506 1043 2559 monstrosum
1060 2491 1162 2557 fuisse
1182 2514 1261 2559 vero
1280 2493 1394 2560 simile

263 2604 305 2668 fit
336 2592 536 2692 (δικέφαλον
564 2603 646 2670 facit
672 2605 829 2694 Ap'ollod.
854 2607 879 2672 l.
899 2609 959 2693 c),
984 2619 1017 2671 et
1041 2605 1122 2670 huic
1141 2628 1240 2694 opem
1264 2604 1393 2672 ferente
1438 2620 1440 2627 '

263 2716 410 2783 bubulco
430 2717 618 2805 Eulytione
639 2717 688 2807 (v.
707 2720 811 2803 293.),
823 2721 919 2784 ouius
940 2741 1042 2807 genus
1053 2718 1213 2784 Hesiodus
1231 2741 1303 2784 non
1317 2742 1392 2784 me·

263 2842 385 2897 morat.
418 2829 535 2896 Martis
556 2843 590 2896 et
607 2831 771 2919 Erythiae
792 2833 906 2898 filium
925 2832 1116 2899 Hellanicus
1131 2833 1293 2920 prodidit,
1313 2846 1391 2899 teste

262 2940 448 3009 Scholiasta
468 2943 566 3010 adh.
589 2945 613 3009 l.
659 2944 848 3031 Vtrumque
862 2945 900 3009 iii
921 2945 1070 3023 stabulo,
1093 2946 1180 3032 quod
1197 2945 1389 3024 tuebantur,

262 3054 433 3122 interfecit
442 3056 608 3124 Hercules.
625 3045 780 3143 Σταθμδς
789 3047 901 3146 ἦερὸεις
915 3057 1090 3121 umbrosum
1103 3057 1259 3122 stabulum
1270 3081 1305 3127 v.
1314 3060 1388 3126 294.

261 3168 405 3248 dicitur,
425 3170 495 3247 rel,
521 3181 561 3233 ut
582 3171 658 3234 vult
680 3169 847 3249 Clericus,
872 3171 962 3257 quod
983 3171 1110 3235 eratin
1130 3192 1288 3249 caverna,
1315 3174 1385 3249 vel,

260 3279 349 3363 quod
378 3279 443 3368 ipsi
478 3282 570 3346 locus
600 3304 644 3346 ex
674 3286 792 3370 poetae
831 3284 992 3370 opinione
1030 3293 1101 3349 erat
1133 3268 1285 3372 ἓσχατίῃ
1312 3275 1389 3370 πρὸς

262 3382 394 3471 νυκτὸς,
415 3393 508 3456 ultra
530 3392 717 3472 Oceanum,
738 3394 832 3461 situs.
858 3394 957 3461 Conf.
979 3417 1081 3481 supra
1099 3415 1132 3460 v.
1149 3396 1225 3460 274.
1250 3395 1387 3483 Tiryns,

261 3524 327 3590 quo
348 3502 596 3569 abducebantur
618 3504 732 3585 boves,
767 3497 831 3593 ἱερὴ
849 3508 938 3572 dicta
952 3526 991 3575 r,
1009 3507 1106 3588 m,
1129 3530 1198 3572 non
1217 3518 1257 3571 ut
1281 3505 1389 3573 Scho-

237 3698 240 3705 4
260 3613 357 3707 liasta
375 3615 515 3694 censuit,
533 3615 622 3703 quod
646 3638 664 3680 a
688 3615 892 3706 Cyclopibus
909 3618 1058 3698 condita,
1077 3619 1131 3684 sed
1151 3619 1328 3705 quoderat
1352 3620 1388 3685 in

180 3792 183 3803 ,
261 3725 402 3792 alicuius
430 3726 492 3793 Dei
520 3728 644 3805 tutele,
668 3730 855 3817 templique
876 3730 1017 3796 alicuius
1033 3729 1196 3818 religione
1215 3753 1327 3810 saera,
1351 3744 1388 3796 ut

261 3836 331 3904 fere
353 3841 449 3906 nulla
472 3861 541 3905 non
564 3839 644 3903 urbs
665 3840 864 3927 antiquitus.
1245 3844 1248 3850 ’

264 4124 265 4127 ,
304 4063 446 4132 Versum
475 4066 540 4132 293
565 4066 647 4130 citat
674 4063 786 4136 Schol.
818 4065 859 4129 ad
883 4066 1018 4132 Pindar.
1044 4016 1386 4151 lsthm.l.,1's.jvv.

260 4177 436 4243 rer-294
456 4179 564 4244 unu.
588 4178 628 4244 aa
651 4177 820 4264 Lycopen
845 4200 878 4244 v.
903 4181 980 4246 css.
1063 4169 1089 4248 “.
