2967 5209
232 466 307 543 312
673 484 912 534 consumans

232 658 331 751 seq),
363 657 523 753 Mercurii
549 655 594 746 (ν.
623 658 666 725 ,67
694 678 758 743 seq.
781 658 822 720 77
843 652 941 742 seq),
973 650 1185 730 Gratiarum,
1206 648 1367 729 Suadae,

233 776 400 849 Horarum
421 771 491 859 (vv.
510 767 686 855 73-75.),
708 770 829 835 collata
853 766 891 831 in
911 765 1097 833 Pandoram
1115 764 1202 829 dona
1223 785 1370 829 memo-
1439 778 1447 785 ·

231 898 364 967 rantur,
385 882 676 972 nomenqueillud
690 880 720 946 ei
735 881 851 946 datum
870 878 997 944 dicitur
1017 881 1064 967 (v.
1083 879 1127 942 80
1146 877 1249 965 seqq.)
1266 876 1369 963 quod

232 1023 346 1069 omnes
364 1000 421 1065 Dii
441 1000 528 1064 dona
548 997 585 1062 in
613 1018 685 1061 eam
704 994 932 1071 contulissent,
955 992 1050 1057 cuius
1073 992 1128 1057 hic
1147 991 1297 1057 nominis
1318 1013 1367 1054 ac

232 1114 283 1183 rei
312 1112 442 1179 mentio
468 1132 537 1175 uon
558 1108 608 1174 fit.
656 1110 783 1174 Rursus
804 1107 861 1173 htc
885 1106 1019 1173 uberior
1046 1116 1095 1170 est
1112 1107 1212 1192 poita
1232 1104 1272 1168 iu
1295 1104 1367 1169 de-

234 1225 413 1316 scriptione
433 1221 539 1289 factae
558 1223 616 1290 illi
639 1245 658 1287 a
679 1222 832 1290 Vulcano
854 1241 993 1286 coronae
1011 1216 1057 1308 (v.
1082 1221 1145 1284 578
1161 1214 1277 1306 seqq).

280 1477 313 1522 v.
339 1452 405 1521 574
426 1451 509 1517 ciat
531 1451 646 1538 atym.
671 1449 719 1516 M.
741 1470 775 1538 p.
803 1452 877 1515 137.
903 1406 967 1514 νο.

279 1702 312 1744 ν.
334 1680 397 1743 575
415 1698 482 1763 seq.
500 1675 633 1741 uncinis
656 1674 821 1741 inclusere
840 1672 952 1757 Wolf.
967 1671 1074 1740 Gaisf.
1091 1671 1205 1752 Dind,
1221 1672 1367 1737 alterius

235 1789 434 1856 recensionis
444 1811 509 1854 esse
522 1788 651 1853 censuit
660 1788 830 1854 Hermann
835 1811 881 1853 us.
895 1787 926 1853 N
927 1811 971 1853 on
981 1798 1104 1853 temere
1118 1797 1230 1851 autem
1242 1785 1363 1851 Goett·

234 1902 379 1990 liugius:
402 1901 531 1981 »Poeta
550 1901 736 1966 Pandoram
754 1913 792 1964 ut
805 1924 959 1989 sponsam
974 1900 1211 1989 descripturus,
1231 1897 1364 1964 addidit

235 2015 408 2104 quaedam,
429 2037 513 2101 quae
534 2013 630 2080 nobis
653 2014 790 2102 quidem
809 2014 918 2079 nimia
933 2014 1041 2081 videri
1063 2013 1200 2101 possint,
1220 2036 1291 2079 non
1305 2011 1364 2076 ab·

236 2140 316 2197 sunt
325 2139 444 2197 ¹tumen
457 2127 635 2195 amoribus
651 2126 879 2213 institutisque
892 2126 1113 2214 antiquitatis.
1138 2123 1193 2192 Sic
1206 2125 1248 2190 H.
1261 2125 1362 2191 Hom.

237 2241 276 2309 in
286 2240 372 2308 Ven.
389 2241 495 2305 altero
505 2263 537 2307 v.
552 2244 583 2305 7.
596 2249 770 2305 narratur:
790 2230 886 2326 spotti
908 2226 937 2304 δ’
949 2226 1003 2303 ἐπ’
1024 2226 1181 2327 ἀθανάτῳ
1194 2228 1366 2324 στεφάνην

239 2345 395 2418 εὔτυκτον
410 2341 522 2431 ἔθηκαν
543 2364 577 2417 et
595 2376 628 2421 v.
645 2357 696 2420 18.
718 2353 831 2418 eadem
842 2353 955 2417 Venus
978 2352 1103 2417 dicitur
1126 2339 1364 2438 iootdtprtuocss'

240 2453 413 2550 Στεφάνην
445 2465 512 2560 dici
538 2475 775 2530 ornamentum
796 2487 839 2529 ex
861 2487 935 2529 aere
953 2466 1008 2531 vel
1028 2487 1127 2544 auro,
1151 2465 1323 2530 diversum
1346 2487 1365 2528 a

239 2565 414 2664 στεφάνῳ,
438 2589 525 2642 serto
546 2599 563 2642 e
577 2574 754 2641 frondibus
770 2578 824 2642 vel
840 2576 990 2656 floribus,
1008 2576 1181 2666 apparebit
1190 2575 1365 2642 conferen-

240 2690 331 2756 tibus
353 2691 530 2755 Homerica
552 2688 593 2756 Il.
618 2689 658 2755 H.
687 2691 738 2755 12.
763 2690 804 2755 K.
830 2691 883 2756 30.
908 2690 951 2755 A·
976 2692 1029 2756 96.
1079 2694 1085 2705 “

285 2939 319 2982 ν.
336 2917 409 2981 582
432 2916 524 2983 citat.
548 2916 664 3003 Etym.
690 2914 781 2980 Gud.
805 2936 838 3003 p.
864 2917 939 2982 331.

261 3015 441 3107 ‚Kaddata
462 3027 623 3093 dicuntur
643 3029 778 3115 quaevis
802 3026 943 3093 belluae.
968 3029 1045 3097 Vid.
1069 3029 1132 3095 Od.
1148 3031 1183 3096 P.
1202 3032 1279 3097 317.
1302 3031 1368 3096 ibi-

241 3165 306 3231 que
327 3141 473 3211 Scholia.
517 3142 607 3207 Mihi
628 3127 792 3207 uva‘rdetdor
814 3154 847 3206 et
868 3129 1059 3224 κννῶπετον,
1080 3165 1143 3231 pro
1157 3167 1224 3230 quo
1239 3143 1369 3209 dicitur

242 3255 345 3322 etiam
367 3240 479 3335 κνένψ,
498 3275 712 3319 communem
725 3253 848 3320 habere
859 3256 1024 3342 originem
1039 3256 1199 3322 videntur
1216 3258 1254 3322 in
1266 3257 1369 3323 verbo

244 3355 351 3448 mado,
373 3365 430 3430 cui
451 3378 630 3455 cognatum
652 3361 741 3432 κννέω
763 3391 898 3435 ricveo.
1174 3384 1181 3389 ·

288 3615 321 3659 ν.
342 3594 406 3657 585
424 3581 510 3679 seqq.
534 3590 662 3679 Iupiter
677 3604 841 3673 ornatam,
864 3605 904 3658 ut
921 3594 1069 3674 iusserat,
1090 3595 1275 3660 Pandoram
1288 3596 1368 3661 edu·

245 3706 300 3773 xit
317 3705 355 3773 in
376 3715 580 3772 conventum
600 3704 757 3782 Deorum,
782 3717 879 3791 atque
898 3705 1091 3786 hominum,
1112 3708 1214 3772 talem
1228 3707 1367 3791 scilicet,

243 3817 378 3907 qualem
404 3827 439 3881 et
467 3829 563 3885 antea
585 3815 771 3882 habuerant
792 3816 956 3885 Meconae.
1002 3817 1099 3906 Quod
1128 3831 1240 3884 autem
1266 3842 1369 3884 exce·

244 3941 340 4020 ptam
360 3927 402 3994 ab
421 3928 620 4016 Epimetheo
639 3929 819 3994 mulierem
835 3951 935 4017 supra
953 3952 986 3995 v.
1011 3934 1085 3996 513.
1106 3914 1306 4019 missamque
1325 3932 1366 3996 ad

245 4063 326 4109 etunv
348 4042 390 4108 ab
417 4041 494 4108 Iove
508 4021 605 4130 '‘Epy.
630 4063 662 4108 v.
682 4043 725 4106 83
746 4063 835 4128 seqq.
856 4044 954 4129 poeta
973 4043 1132 4123 tradidit,
1155 4066 1291 4132 arguere
1311 4044 1366 4109 vi·

244 4156 358 4233 detur,
384 4178 435 4223 aaa
455 4153 556 4220 fuisse
577 4154 615 4219 iu
639 4154 702 4221 illo
723 4167 890 4220 conventu
917 4167 1026 4245 partes
1049 4156 1261 4246 Epimethei,
1284 4178 1366 4243 quae

244 4269 282 4339 in
309 4268 423 4358 priore
444 4266 578 4337 fuerant
597 4266 804 4346 Promethei,
823 4268 870 4333 ita
890 4279 930 4335 ut
955 4267 1071 4335 futura
1090 4268 1272 4336 hominum
1290 4291 1365 4333 con·
