2967 5209
333 556 337 561 .
464 518 496 563 m
520 516 645 567 uestem
668 518 881 566 meoeonrm.
1162 492 1244 568 233·

112 687 225 757 Valer.
241 685 361 772 Flacco
375 687 402 754 Ι.
417 689 506 768 134„
518 675 598 756 leno
607 690 697 756 culta
706 692 921 770 eadem‚.teste
929 689 1088 755 Pausania
1095 689 1138 759 ΙΙ.
1150 689 1179 755 1.
1189 694 1235 771 7.;

93 787 276 886 ,Ληαγόρη
305 799 389 867 item
413 811 449 865 et
467 791 636 890 Εὐαγόρη,
663 826 746 891 quae
766 806 885 870 multis
907 803 1074 870 mercibus
1096 792 1240 870 advectis

113 910 251 981 facilem
275 914 312 979 in
335 911 411 979 foro
428 936 597 982 annonam
616 918 804 985 redderent.
828 917 1053 985 Referendum
1074 918 1143 982 huc
1157 940 1239 1004 quo·
1315 914 1319 925 “

114 1028 178 1113 q'ue
207 1047 333 1093 nomen
362 1017 557 1113 Παυλυνόμη
587 1029 634 1121 (v.
662 1028 751 1118 258.)
782 1032 908 1097 multos
932 1019 1077 1120 parcens.
1113 1017 1241 1109 Εἰνεόαη

118 1140 165 1229 (v.
187 1136 276 1227 246.)
301 1139 450 1227 pertinet
467 1142 508 1207 ed
530 1142 652 1210 bonam
668 1143 928 1211 oum'meroibus
940 1144 1173 1231 navigantium
1189 1166 1241 1209 ae·

115 1252 350 1319 mulationem.
397 1250 459 1318 Sed
483 1250 583 1326 Θέτις
605 1256 652 1344 (r.
678 1253 899 1343 244.1ooe.),
919 1256 1079 1321 etiamen
1098 1255 1243 1321 Homero

114 1365 300 1444 notissima,
318 1366 392 1430 sine
406 1366 538 1432 dubioa
555 1369 717 1456 ponendis
737 1371 806 1435 sive
819 1368 1057 1457 componendis
1070 1367 1159 1433 dicte
1179 1367 1243 1432 flu·

115 1476 252 1543 otibus.·
284 1465 408 1557 sudrim
441 1485 484 1561 (r.
520 1481 612 1569 244.)
637 1495 686 1548 est
711 1483 814 1548 maris
834 1480 1085 1569 tranquillitas,
1113 1479 1245 1545 acuius

116 1589 231 1657 hilaro
256 1601 346 1655 statu
368 1590 456 1656 diota
476 1593 579 1658 etiam
602 1593 710 1660 rideri
729 1605 838 1682 potest
859 1581 1044 1675 Γαλάτεια,
1065 1592 1152 1680 apud
1174 1591 1246 1657 Ho-
1369 1603 1377 1618 “

117 1724 253 1767 merum
274 1703 299 1768 l.
323 1726 352 1769 c.
377 1725 409 1768 r.
432 1705 484 1770 45.
508 1705 669 1794 insignita
683 1706 832 1794 epitheto
854 1694 1061 1794 ἀγακλειτὴ,
1083 1704 1247 1770 celebrata

117 1816 299 1883 Theocrito
324 1816 374 1883 Id.
392 1817 452 1884 XI.
478 1818 626 1906 Virgilio
647 1820 719 1885 Ecl.
738 1819 814 1888 VII.
836 1823 890 1886 37.
904 1819 986 1887 Aen.
1007 1819 1065 1886 IX.
1086 1820 1161 1884 103.
1176 1817 1246 1885 Cir.

117 1932 198 1996 39³.
221 1928 344 1997 Ovidio
372 1930 466 1997 XIII.
490 1929 570 1996 Met.
593 1935 657 1998 7³5
682 1954 769 2019 seqq.
797 1931 841 1998 II.
864 1934 940 1998 Am.
966 1932 1026 1998 XI.
1049 1932 1104 1997 34.
1152 1929 1249 1997 Certe

117 2031 256 2118 Γλαυαη
277 2042 334 2130 (v.
365 2039 455 2130 240.)
484 2044 579 2108 cuius
603 2055 636 2108 et
656 2043 820 2110 Homerus
844 2045 1003 2110 meminit
1028 2045 1053 2110 l.
1079 2067 1107 2110 o.
1136 2067 1168 2110 v.
1194 2046 1247 2111 39.

117 2155 213 2221 diota
241 2167 290 2221 est
313 2179 332 2221 a
355 2157 466 2221 colore
490 2156 608 2234 meris,
644 2168 684 2220 ut
714 2149 927 2241 Γλαυκονόμη
951 2155 996 2247 (v.
1014 2153 1124 2244 256.);
1147 2155 1249 2221 aflu-

117 2279 240 2334 ctuum
256 2280 368 2334 autem
389 2268 558 2335 celeritate
581 2256 729 2351 Κυμοθόη
752 2271 797 2355 (v.
821 2265 915 2356 245.)
933 2278 1117 2333 memorata
1138 2266 1251 2332 eedem

119 2381 269 2447 Homero
290 2381 374 2449 ibid.
399 2405 431 2448 v.
452 2383 505 2450 41.
526 2382 674 2470 Virgilio
695 2382 721 2447 l.
740 2382 822 2449 Aen.
845 2383 927 2464 1443
951 2380 1253 2448 afluotibus·diota

119 2494 226 2559 etiam
256 2484 428 2584 Κυμλν’(ν.
456 2497 564 2582 255),
597 2507 638 2559 ut
664 2495 705 2560 ab
736 2496 942 2585 excipiendis
972 2495 1044 2561 illis
1082 2479 1253 2577 Κυμοδόκη
1293 2580 1296 2585 .

124 2605 174 2695 (v.
196 2607 270 2672 252.
283 2605 406 2694 Virgil.
418 2608 501 2675 Aen.
512 2607 554 2674 V.
567 2604 669 2695 766),
690 2630 709 2673 a
724 2608 874 2674 sedandis
888 2609 1007 2674 iisdem
1028 2595 1255 2696 Kvpureb'fyn

124 2720 176 2809 (v.
196 2717 299 2809 253.).
331 2709 439 2784 zoob
461 2720 508 2809 (v.
522 2719 626 2808 245),
638 2744 740 2809 quam
752 2734 933 2811 agnoscunt
949 2721 1047 2788 Hom.
1067 2722 1097 2799 1,
1108 2743 1136 2786 c.
1154 2742 1187 2785 r.
1199 2722 1253 2788 40.

122 2833 249 2922 Virgil.
280 2833 324 2902 V.
345 2834 427 2901 Aen.
452 2836 540 2939 826..
560 2835 726 2922 adpellata
749 2839 803 2903 vel
825 2859 844 2900 a
863 2835 1032 2902 fluctuum
1051 2835 1107 2899 vel
1132 2857 1151 2898 a
1178 2857 1255 2898 our-

122 2946 278 3012 ientium
308 2968 369 3035 per
393 2969 447 3012 eos
471 2948 610 3013 narium
634 2948 820 3028 eeleritate3
854 2940 924 3027 Θόη
955 2946 1003 3035 (v.
1021 2944 1113 3033 245.)
1132 2948 1256 3013 itema
1385 2996 1388 3003 .

123 3059 296 3124 celeritate
322 3060 377 3126 vel
409 3059 513 3124 huius
534 3061 590 3143 rel
616 3060 711 3124 illius
731 3082 857 3125 cursus.
904 3060 962 3125 Est
983 3050 1078 3137 ‘Aila
1103 3058 1198 3147 (ibid.
1224 3070 1257 3124 et

125 3171 227 3238 Hom.
258 3173 284 3239 1.
314 3195 343 3238 c.
370 3157 403 3239 r.
430 3167 497 3258 40.)
533 3172 675 3239 marina.
722 3161 848 3259 Ἐρατὼ
866 3173 925 3261 ⁸(v.
949 3171 1039 3259 246.)
1073 3184 1107 3239 et
1129 3164 1258 3249 Μελίτη

11 3296 13 3313 '
130 3285 180 3377 (v.
208 3285 299 3371 247.)
321 3285 472 3352 Nereides
502 3285 609 3350 diotae
635 3283 872 3372 navigantibus
899 3286 1078 3375 propitiae.
1130 3286 1260 3353 Mentio

129 3399 237 3465 huius
259 3399 361 3465 etiam
389 3399 475 3488 apud
497 3400 684 3465 Homerum
710 3398 744 3463 d.
771 3398 796 3462 l.
816 3419 849 3464 v.
873 3399 925 3466 42.
954 3410 988 3463 et
1006 3398 1194 3488 Virgilium
1215 3399 1258 3467 V.
1337 3405 1343 3429 '

130 3511 215 3577 Aen.
240 3513 317 3577 ore.
359 3499 504 3590 Πασιθέη
529 3513 576 3602 (v.
594 3512 682 3596 246.)
698 3522 730 3576 et
752 3498 884 3599 'Aeaeo
906 3510 952 3602 (v.
967 3513 1043 3579 247.
1061 3512 1160 3579 nom.
1175 3510 1258 3576 ieie.

80 3686 85 3699 ,
131 3648 165 3691 v.
193 3622 260 3712 42.)
293 3624 349 3688 sic·
373 3636 505 3690 vocatae
535 3650 553 3691 a
580 3624 816 3714 spectabilibus
835 3637 869 3691 et
887 3628 1093 3693 admirandis
1113 3627 1261 3716 inmari

132 3738 263 3805 multis.
310 3737 406 3803 Dicta
436 3729 593 3821 Εὐλιμένη
628 3744 671 3819 (v.
691 3739 779 3817 247.)
801 3760 885 3824 quae
912 3740 951 3803 in
973 3739 1100 3805 bonum
1122 3749 1261 3826 portum

132 3851 269 3932 duceret
284 3851 493 3938 navigantem
518 3843 664 3936 Φέρουσα
688 3851 733 3940 (ό.
753 3847 858 3937 248),
875 3873 959 3936 quae
975 3872 1097 3916 navem
1113 3861 1145 3915 et
1161 3851 1263 3938 ipsos,

133 3987 199 4051 quo
230 3965 373 4042 vellent,
409 3961 522 4028 ferret.
570 3963 618 4027 De
650 3952 772 4049 liparia
795 3959 905 4050 (ibid.)
937 3961 1025 4028 conf.
1053 3963 1151 4029 Varr.
1170 3963 1262 4027 Lect.

135 4068 304 4162 Δυναμένη
339 4076 434 4166 (ibid.
465 4085 500 4140 et
522 4073 621 4139 Hom.
647 4075 672 4140 l.
695 4098 724 4141 c.
748 4099 781 4139 v.
810 4076 872 4153 42.)
905 4085 953 4138 est
972 4085 1104 4160 potens,
1127 4076 1198 4151 sed,
1225 4086 1265 4137 ut

136 4188 288 4265 ridetur,
323 4189 360 4254 in
389 4187 511 4255 bonam
539 4199 681 4276 partem.
735 4179 865 4264 Νησαίη
887 4186 933 4272 (v.
954 4185 1055 4274 249),
1080 4199 1263 4253 memorata

138 4299 219 4364 item
253 4302 396 4368 Homero
430 4303 454 4367 l.
478 4320 506 4366 o.
542 4324 570 4367 r.
599 4300 651 4364 42.
677 4299 759 4364 hino
784 4298 929 4386 Virgilio
956 4300 998 4366 V.
1020 4299 1101 4367 Aen.
1127 4301 1204 4366 826.
1233 4311 1267 4364 et
