2967 5209
239 479 312 554 360
406 510 410 519 ’
649 462 657 481 ’
680 478 922 553 muniamus
949 542 954 547 .

139 703 145 708 ·
206 654 211 710 j
229 656 397 765 'quissimo
427 689 578 766 tempore
605 658 802 744 colebantur
828 677 982 755 Gratiae,
1006 674 1101 742 Cleta
1126 687 1160 741 et
1183 675 1370 754 Phainno,
1456 674 1457 689 ²

108 816 111 822 ¹
239 789 380 857 Athenis
408 790 493 855 item
522 789 659 876 antiqua
680 790 845 877 religione
866 789 951 854 duae
975 788 1075 855 Auxo
1097 798 1131 853 et
1157 789 1370 876 Hegemone,
1456 770 1457 853 s

237 905 441 991 quamquam
460 915 557 969 vetus
581 903 684 968 etiam
700 903 810 966 trium
828 901 878 966 ibi
897 902 1008 967 cultus
1027 898 1108 966 fuit.
1153 899 1240 966 Haec
1261 913 1296 965 et
1310 924 1372 967 va·

236 1015 304 1080 rias
334 1015 471 1103 insuper
501 1018 679 1103 poetarum
712 992 909 1080 traditiones
933 1013 1034 1079 habet
1063 1013 1097 1082 d.
1124 1014 1151 1079 l.
1175 1013 1368 1078 Pausanias.

239 1124 338 1195 Conf.
368 1125 538 1194 Cornutus
556 1125 596 1191 dc
616 1126 656 1192 N.
680 1126 721 1191 D.
745 1147 773 1190 c.
787 1127 841 1190 15.
863 1124 988 1210 aliique
1003 1124 1133 1190 laudati
1146 1148 1165 1192 a
1178 1122 1370 1192 Schradero

238 1241 280 1305 ad
298 1239 470 1305 Musaeum
491 1239 670 1307 Animadv.
689 1263 719 1306 c.
740 1237 993 1306 9.-Versibus
1010 1240 1076 1303 910
1087 1261 1153 1326 seq.
1167 1237 1368 1306 Gratiarum

238 1353 392 1420 amabilis
411 1353 580 1441 adspectus
603 1352 803 1417 declaratur.
833 1350 972 1417 Veneris
991 1351 1080 1415 filias
1097 1351 1235 1438 quidam
1252 1352 1368 1418 finxe-

237 1477 337 1543 runt,
361 1465 501 1532 Veneris
520 1465 658 1530 comites
680 1465 753 1532 alii.
777 1464 856 1533 vid.
881 1462 974 1532 serv.
1000 1465 1041 1531 ad
1058 1467 1142 1532 Aen.
1163 1464 1191 1530 1.
1217 1466 1296 1530 724.

281 1713 338 1758 vv.
363 1693 540 1759 907—910
565 1689 744 1776 respiciens
772 1690 947 1755 Pausanias
970 1690 1033 1758 Ill»
1061 1694 1115 1756 35.
1140 1695 1172 1757 5.
1194 1677 1368 1781 Ἡσίοδος,

236 1803 363 1888 inquit,
394 1789 427 1867 ἓν
450 1789 617 1890 Θεογονίᾳ
647 1792 711 1873 sicr
745 1791 893 1889 Χάριτάς
918 1797 1020 1887 Φνσιν
1045 1787 1124 1867 εἶναι
1148 1792 1224 1873 Διός
1247 1820 1287 1867 τε
1309 1793 1368 1866 καὶ

236 1905 434 2003 Εὐρυνόμης,
458 1908 513 1980 sui
536 1911 653 2003 σφισιν
675 1904 821 2000 ὀνόματα
844 1907 1048 2002 Εὐφροσύνην
1063 1932 1102 1980 τε
1124 1907 1181 1980 sul
1200 1905 1368 2003 ’Asana

236 2012 574 2095 alvertatensis.
608 2027 729 2095 Seneca
752 2029 854 2094 etiam
884 2029 926 2094 de
955 2026 1069 2096 Benef.
1098 2028 1125 2095 I.
1152 2032 1185 2096 3.
1208 2029 1368 2093 Hesiodm

238 2140 359 2206 Gratiis
382 2151 529 2224 nomino,
562 2166 643 2232 quae
668 2143 785 2222 uoluit,
810 2150 969 2229 imposuit.
1017 2141 1170 2230 Agusium
1192 2147 1368 2205 maximum

235 2270 314 2320 nutu
336 2257 523 2345 appellauit,
544 2240 682 2320 mediani
704 2256 953 2343 Euphrosynen,
976 2263 1101 2319 tertiam
1126 2253 1286 2332 Thaliam,
1304 2254 1367 2319 ubi
1391 2310 1396 2317 .

236 2367 388 2457 Agla'iam
410 2377 582 2433 marimum
604 2383 681 2432 natu
699 2368 802 2447 dixit,
824 2367 913 2456 quod
932 2367 1046 2456 prima
1063 2365 1100 2431 in
1115 2390 1150 2435 v.
1171 2370 1248 2435 909.
1265 2368 1366 2457 poni·

236 2492 309 2559 tur,
333 2503 394 2546 nec
412 2482 603 2548 recordatus
625 2494 683 2559 est,
699 2481 799 2546 illam
818 2478 911 2545 infra
926 2504 959 2547 v.
981 2480 1058 2546 946.
1083 2480 1152 2547 dici
1176 2468 1367 2560 ὅπλοτᾶτψ

45 2666 48 2673 ,
164 2656 168 2664 ,
234 2584 387 2680 Χνιρὶτων.
407 2595 498 2659 Tres
524 2593 676 2659 Charites
696 2615 879 2680 earumque
894 2591 1004 2658 trium
1022 2593 1162 2659 nomina
1183 2595 1366 2660 memorari

161 2787 162 2791 Ἰ
235 2705 277 2771 ab
299 2705 439 2771 Hesiodo
460 2716 602 2771 testatur
623 2704 726 2770 etiam
750 2703 866 2771 Schol.
888 2704 1025 2770 Pindari
1045 2705 1087 2770 ad
1109 2703 1165 2773 Ol.
1190 2706 1282 2776 xlv.
1310 2710 1365 2775 21.

236 2817 354 2906 Ignota
376 2817 523 2885 Homero
545 2807 593 2883 111
617 2810 693 2904 παρ’
716 2805 858 2906 Ἡσιόδῳ
883 2807 1031 2903 ὀνόματα
1055 2808 1120 2883 τῶν
1143 2804 1290 2906 Χαρίτων
1308 2820 1368 2885 di·
1456 2902 1457 2913 ρ

210 2932 292 3022 ¹cit
306 2929 418 2997 Schol.
445 2931 542 2998 BLV.
574 2931 616 2996 ad
644 2930 685 2997 ll.
715 2933 751 2996 Ξ.
775 2931 852 2995 276.
898 2930 1063 2996 Memorat
1089 2932 1192 2997 etiam
1213 2931 1368 2999 Aristae-

233 3055 330 3109 netus
360 3044 387 3111 I.
410 3047 463 3112 10.
485 3055 552 3111 tres
578 3043 731 3111 Charites
753 3031 827 3109 καθ’
849 3030 1008 3110 ‘Hotoloa
1031 3041 1132 3110 Conf.
1154 3044 1308 3111 Eustath.
1327 3044 1367 3110 ad

235 3158 277 3224 ll.
300 3177 336 3246 p.
362 3159 438 3224 533.

278 3404 335 3448 vv.
361 3384 535 3450 sot-911
557 3394 715 3471 corrupte
735 3384 898 3469 leguntur
918 3380 957 3447 in
977 3374 1097 3469 Papiae
1119 3381 1364 3460 Elementario,

101 3511 103 3515 ’
233 3494 381 3562 subiecta
400 3494 680 3584 interpretatione
702 3495 824 3561 Latina
847 3493 996 3562 versibus
1018 3493 1238 3559 hexametris.

280 3722 335 3787 vv'.
361 3721 549 3788 912-914.
569 3721 610 3785 ln
630 3720 814 3787 referendis
828 3719 918 3786 Iovis
930 3742 967 3785 ac
985 3718 1117 3787 Cereris
1130 3719 1272 3808 nuptiis,
1288 3731 1366 3797 nata

234 3833 317 3901 hinc
335 3834 553 3922 Proserpina,
576 3846 738 3924 raptaque
760 3834 823 3898 hac
848 3833 890 3899 ab
908 3832 1069 3913 meones,
1088 3845 1218 3898 secuttn
1233 3845 1282 3898 eet
1302 3832 1366 3898 He·

233 3949 344 4014 siodus
372 3970 589 4015 communem
625 3946 696 4015 fere
723 3947 881 4014 omnium
910 3947 1117 4014 Graecorum
1140 3947 1306 4034 ¹mythum
1332 3957 1383 4013 et.

233 4062 449 4151 religionem,
477 4072 518 4125 ut
541 4061 649 4155 liquet
669 4083 713 4126 ex
737 4060 837 4126 Hom.
857 4059 900 4126 H.
923 4058 962 4125 in
985 4058 1073 4137 Cer„
1101 4059 1259 4124 Pausania
1281 4058 1365 4150 (ma·
1456 4064 1457 4132 l

233 4172 442 4243 1111111
464 4196 529 4260 eq.
552 4172 671 4241 1115.
693 4172 787 4241 tun.
811 4173 853 4239 n
874 4194 943 4260 seq.
967 4170 1036 4259 42.)
1057 4170 1198 4258 nnqn
1219 4170 1366 4237 lausans
1455 4133 1457 4221 l

232 4284 274 4353 ab
295 4286 428 4373 Heynio
446 4289 488 4352 ad
510 4285 666 4374 Apollod.
691 4284 719 4349 l.
743 4285 786 4353 V.
815 4290 845 4352 1.
892 4281 996 4351 Cuius
1019 4283 1135 4371 mythi
1161 4303 1363 4373 quamquam
