2967 5209
206 530 210 541 ·
234 507 306 584 3811
676 540 917 590 mercurinus
985 616 987 621 Ι

234 719 376 772 tecnon
401 708 539 796 indigna
558 711 648 786 loco,
671 733 772 797 quem
795 711 850 776 hic
873 712 905 777 ei
928 711 1067 790 tribuit,
1093 713 1277 792 videretur,
1304 736 1365 779 va·
1472 694 1473 779 1

233 821 334 887 luisse
361 822 463 887 etiam
492 823 556 888 hoc
580 835 706 911 potest,
743 825 831 911 quod
854 824 996 890 honores
1017 825 1049 890 ei
1072 825 1218 890 tributos
1239 826 1366 891 sciebat

232 933 375 1014 Thebis,
407 948 446 1001 nt
461 937 575 1015 Divae,
596 960 662 1023 qua
679 938 719 1003 de
743 961 781 1003 re
797 949 926 1003 constat
950 948 1025 1002 tum
1051 960 1095 1003 ex
1117 938 1298 1004 Plutarcho
1323 938 1364 1003 in

233 1047 343 1136 Pelop.
363 1070 391 1115 0.
419 1053 483 1128 19.,
502 1051 561 1136 qui
584 1050 758 1116 Thebanos
776 1073 849 1116 eam
871 1050 950 1115 urbi
972 1071 1050 1114 suae
1066 1052 1243 1115 tutelarem
1256 1052 1363 1116 Deam
1472 1088 1473 1093 κ

231 1184 431 1230 consecrasse
454 1163 579 1245 refert,
607 1178 684 1230 tum
702 1186 746 1230 ex
767 1164 951 1230 Scholiasta
969 1164 1105 1230 Pindari
1126 1166 1166 1230 ad
1180 1166 1280 1253 Pyth.
1296 1166 1360 1231 111.

232 1276 328 1353 153„
350 1275 427 1355 uhi,
462 1299 541 1341 cum
563 1277 729 1344 Cadmum
747 1278 903 1343 omnium
925 1278 1075 1343 maxime
1096 1277 1302 1344 Graecorum
1326 1291 1364 1342 et

229 1388 270 1452 ab
288 1388 484 1454 hominibus
504 1401 537 1453 et
556 1413 575 1455 0
595 1390 667 1456 Diis
686 1390 891 1455 honoratum
910 1390 1066 1470 dixisset,
1091 1378 1212 1478 διόπερ,
1234 1390 1362 1475 inquit,

229 1493 285 1564 sol
311 1493 411 1571 αὐτος
436 1490 598 1581 αντεθέωθη
621 1493 714 1587 μετα
738 1497 796 1582 τῆς
818 1495 1038 1592 γυναικὸςᾋ
1039 1496 1166 1591 puerine
1184 1493 1362 1567 καὶαπελ·

230 1602 287 1678 11ον
318 1599 375 1678 ἐπὶ
409 1582 636 1702 demissoriis
635 1633 761 1702 ρματος
785 1610 976 1705 sororium
1001 1604 1033 1681 ir
1061 1606 1208 1704 Ἠλυσίῳ
1234 1603 1360 1703 πεδίῳ,

226 1717 268 1795 ὡς
294 1721 324 1790 οἱ
347 1712 481 1804 ναίηται
505 1720 562 1792 καὶ
587 1721 618 1792 01
640 1716 858 1815 μυθογράφοι
882 1745 949 1816 nup
951 1716 1260 1812 αδεδῶκασινὴμῖν
1294 1727 1359 1792 De-

226 1848 335 1903 vectos
368 1863 387 1904 0
408 1840 516 1905 Marte
540 1841 706 1907 Cadmum
729 1854 763 1906 et
785 1841 1006 1907 Harmoniam
1028 1829 1185 1927 μακάρων
1207 1827 1240 1910 ἓν
1265 1823 1360 1918 αἶαν,

227 1951 405 2039 Euripides
426 1964 542 2018 auctor
564 1965 612 2018 est
633 1954 671 2018 in
695 1953 831 2019 Bacchis
857 1978 886 2020 v.
914 1955 1010 2019 1283.
1035 1954 1097 2020 Ed
1121 1952 1244 2020 Matth.
1258 1952 1360 2016 -In

225 2062 407 2130 referendis
440 2065 561 2133 Cadmi
591 2079 625 2131 et
657 2067 860 2132 Harmoniae
890 2066 1006 2132 liberis
1031 2066 1137 2131 secuti
1159 2063 1360 2130 recentioles
1472 2048 1473 2127 Ῐ

224 2189 303 2242 sunt
326 2178 518 2246 Hesiodum.
541 2180 619 2249 vn.
633 2181 792 2268 sponoe
814 2181 842 2246 Ι.
862 2181 922 2244 111.
943 2180 1001 2246 iv.
1017 2182 1051 2244 2.
1068 2191 1156 2245 extr.
1175 2179 1275 2244 oros.
1292 2177 1357 2243 sic.
1472 2160 1473 2163 ‘

224 2290 283 2358 IV.
314 2295 345 2357 2.
393 2293 421 2358 Ε
453 2291 604 2357 filiarum
636 2292 756 2360 Cadmi
787 2292 919 2356 maritis
941 2314 1050 2357 unum
1071 2295 1171 2379 poeta
1196 2291 1253 2355 hic
1275 2289 1359 2356 Ari·
1472 2314 1473 2385 j

222 2415 351 2468 staeum
371 2414 548 2482 memoret,
570 2404 765 2492 insignioris
784 2405 899 2490 utique
921 2401 1041 2470 famae.
1065 2404 1146 2472 Vid.
1170 2403 1306 2469 Pindar.
1319 2403 1356 2467 P.
1472 2408 1473 2475 j

226 2516 285 2581 IX.
317 2518 391 2583 104.
427 2516 586 2604 Apollon.
609 2517 720 2582 Rhod.
746 2517 790 2583 ΙΙ.
816 2519 891 2582 506.
915 2517 1013 2583 Diod.
1046 2516 1111 2583 Sic.
1134 2517 1193 2585 IV.
1218 2517 1259 2581 81
1284 2537 1354 2602 seq.
1472 2528 1473 2533 ’

222 2629 347 2723 Virgil.
381 2629 408 2694 I.
432 2627 551 2716 Georg.
576 2630 627 2694 14.
653 2629 711 2697 IV.
732 2632 795 2693 317
820 2651 907 2715 seqq.
929 2629 1039 2694 Nonn.
1060 2630 1202 2716 Dionys.
1224 2628 1262 2694 V.
1285 2627 1352 2691 229
1472 2642 1473 2659 ’

222 2763 307 2826 seqq.
354 2740 597 2807 Memoraverat
628 2763 706 2805 eum
742 2741 902 2807 Hesiodus
933 2741 1125 2807 etiamalio
1155 2742 1248 2819 loco,
1271 2751 1355 2804 teste

197 2911 200 2917 .
222 2852 337 2920 Servio
357 2854 399 2918 ad
422 2852 542 2941 Georg.
563 2855 589 2920 l.
607 2877 636 2919 0.
666 2854 728 2919 1110
749 2855 793 2939 (v.
811 2851 900 2941 977.)
922 2854 1118 2919 Pulcritudo
1136 2853 1208 2918 eius
1226 2864 1356 2940 aparte
1472 2880 1473 2883 ¹

204 2967 491 3059 commendatur,
515 2967 605 3033 unde
623 2966 842 3055 praecipuum
862 2965 1014 3032 maribus
1032 2967 1134 3032 etiam
1154 2966 1227 3031 Diis
1243 2967 1352 3030 decus.

220 3079 274 3146 Sic
302 3081 448 3145 Bacchus
479 3070 692 3168 χρυσοκόμης
722 3080 831 3146 dictus
862 3102 963 3166 supra
987 3102 1020 3145 v·
1041 3081 1119 3145 947.
1166 3078 1355 3165 Polydorus

222 3193 268 3282 (v.
295 3189 400 3278 ete),
430 3190 550 3258 Cadmi
568 3191 605 3256 in
625 3212 727 3280 regno
753 3210 934 3269 successor,
958 3212 1083 3255 nomen
1107 3200 1226 3254 nactus
1241 3187 1354 3254 fertur

220 3330 238 3370 a
262 3305 376 3383 donis,
399 3326 483 3390 quae
506 3303 564 3368 Dii
583 3303 621 3367 in
643 3303 762 3370 Cadmi
785 3315 819 3369 et
842 3302 1045 3368 Harmoniae
1070 3301 1207 3389 nuptias
1227 3312 1352 3367 contu·

219 3420 340 3482 lerant.
373 3417 451 3483 Vid.
475 3413 586 3481 Schol.
613 3417 654 3482 ad
681 3417 717 3488 h.
746 3416 772 3483 l.
794 3416 926 3482 collatis
950 3414 1092 3479 Pindaro
1119 3415 1155 3481 P.
1183 3413 1244 3479 ΙΙΙ.
1274 3416 1350 3479 165.

219 3532 317 3599 Diod.
342 3530 407 3620 Sic.
431 3523 473 3599 V.
500 3531 553 3596 49.
577 3530 697 3598 Nonno
719 3531 859 3618 Dionys.
883 3530 925 3599 V.
954 3531 1015 3595 125
1038 3552 1125 3615 seqq.
1151 3558 1194 3581 υ-
1217 3529 1351 3594 Dicitur

218 3631 423 3731 1ϋστέφαννς
447 3630 547 3729 Θήβη
568 3644 671 3708 etiarn
694 3643 784 3731 apud
807 3641 906 3708 Hom.
930 3642 972 3709 ll.
995 3641 1034 3706 T.
1060 3644 1114 3709 99.

262 3895 318 3938 vv.
345 3873 532 3937 979-983.
557 3871 610 3936 Es
633 3866 808 3941 Callirhoe
830 3868 998 3936 Oceanina
1019 3879 1053 3934 et
1069 3867 1259 3956 Chrysaore
1280 3866 1350 3935 Ge·

216 4004 373 4072 ryonem,
388 4006 488 4069 quern
504 3983 624 4048 occidit
643 3983 812 4048 Hercules.
853 3981 916 4048 Sed
940 3982 1029 4047 haud
1050 3993 1176 4057 temere
1196 3979 1349 4048 Clericus

218 4097 287 4160 iam
310 4106 344 4160 et
367 4094 519 4166 Wolfius
544 4094 667 4159 iniecta
697 4094 778 4160 haec
801 4094 842 4160 ab
869 4095 977 4160 aliena
1001 4116 1106 4160 manu
1124 4103 1344 4170 censuerunt,
1472 4128 1473 4147 .

85 4230 89 4241 ·
217 4229 295 4271 cnm
315 4219 348 4272 et
365 4229 417 4271 res
432 4208 500 4272 iam
523 4229 623 4295 supra
647 4204 752 4272 fuerit
767 4219 900 4303 narrata
920 4229 951 4272 v.
977 4209 1041 4275 287
1062 4230 1160 4295 seqq„
1184 4218 1219 4271 et
1233 4205 1346 4293 Chry·

218 4343 290 4385 saor
323 4320 586 4407 haudquaquam·
620 4321 781 4385 accenseri
811 4321 913 4407 possit
943 4309 1063 4399 θνητοῖς
1089 4307 1282 4406 driuidum,
1302 4319 1346 4384 de

1472 826 1474 935 l

1471 952 1474 1081 l
