2967 5209
818 386 844 444 Ι

252 496 326 575 310
645 532 649 547 ’
695 524 935 575 oonmrtaws

252 684 367 786 [isim
393 690 622 781 ramelmi
647 687 853 771 taratara
874 688 999 789 τέχνης
1020 684 1288 782 Πάσηςβρότοις
1310 690 1385 760 nt·

251 802 337 894 (Dera
360 801 418 875 tal
437 805 549 900 μέγας
570 803 677 901 ripae·
725 812 935 880 Postremum
957 810 1022 875 hoo
1042 808 1163 896 magia,
1190 807 1229 872 ni
1253 806 1384 882 fallor,

251 921 410 989 Hesiodus
430 926 585 992 universe
602 927 781 1016 spectavit,
805 947 907 1013 quem
927 923 1055 989 eximie
1077 933 1163 986 artes
1182 942 1246 1009 per
1262 921 1385 1008 ignem

250 1037 457 1105 extruendas.
503 1040 666 1128 Longius,
694 1052 733 1106 ut
754 1060 774 1104 a
795 1041 913 1128 poitae
926 1048 1057 1115 mente,
1080 1034 1127 1100 sio
1146 1054 1269 1111 atero,
1287 1034 1383 1119 quod

249 1145 384 1215 fabulae
414 1150 540 1232 subeat,
573 1152 752 1231 recedunt,
784 1151 844 1241 qui
875 1146 1066 1216 Promethei
1088 1147 1202 1235 ignem
1222 1146 1381 1234 philoso-

248 1261 350 1350 phiae
373 1266 491 1331 lumen
514 1267 794 1355 interpretentur,
820 1277 858 1332 ut
877 1263 1128 1352 Theophrastus
1146 1260 1235 1349 apud
1260 1257 1378 1326 Schol.

249 1373 425 1464 Apellen..
440 1378 550 1449 Rbod.
580 1381 623 1447 Il.
646 1382 743 1447 1243.
764 1416 807 1434 -
830 1380 989 1447 Ferulam
1008 1376 1142 1442 iactasse
1160 1372 1272 1440 fertur
1291 1373 1379 1438 Pro·

247 1487 419 1570 metbeus,
441 1515 482 1555 ne
505 1500 636 1581 spiritua
660 1493 848 1559 interebasus
869 1499 996 1579 vaporis
1017 1496 1233 1576 exstingueret
1253 1493 1289 1550 in
1314 1508 1391 1555 ans

222 1609 354 1686 pratia
377 1602 491 1669 lumen:
537 1607 651 1696 Itaque
683 1613 718 1670 in
745 1613 920 1670 venatione
944 1603 1088 1668 hederam
1115 1598 1294 1665 cantoribus
1323 1597 1378 1688 (ad

248 1711 437 1782 Promethei
460 1723 554 1783 arem
575 1719 614 1785 in
632 1718 811 1786 Academia
824 1713 977 1804 Athenis)
999 1722 1213 1792 instituerunt·
1230 1735 1273 1776 ea
1292 1712 1376 1775 Pm-

247 1826 363 1890 metlsei
383 1807 616 1910 eomuemiitne
638 1846 675 1898 ut
697 1840 876 1911 canerent,
904 1829 1081 1918 lampadem
1103 1836 1269 1891 taetarttee.
1292 1824 1373 1891 Vid.

248 1937 402 2027 llyginus
427 1943 452 2009 l.
478 1966 507 2010 c.
530 1946 608 2011 coll.
634 1945 793 2011 Pausania
814 1944 841 2012 Ι.
871 1946 925 2011 30.
971 1942 1048 2009 Atia
1068 1937 1260 2007 Promethei
1280 1936 1375 2024 qumi

247 2066 466 2121 monumenta
488 2056 747 2125 ostendebantur
775 2053 1081 2144 aPanopensibus,
1108 2061 1190 2117 teste
1214 2049 1376 2130 Pauffli‘

247 2162 290 2230 Χ.
316 2166 347 2231 4.
393 2167 535 2238 Exstara
557 2170 660 2245 etiam
677 2172 767 2259 apud
790 2192 824 2236 se
847 2166 1092 2235 contendebant
1111 2178 1188 2231 tum
1208 2163 1372 2253 Opuntii,

246 2286 323 2340 tum
343 2276 462 2367 Argivi
473 2304 483 2362 ;
506 2282 561 2347 sed
581 2282 621 2349 hi
643 2283 780 2371 quidem
798 2280 929 2360 minue,
955 2301 1057 2367 quam
1085 2279 1160 2358 illi,
1184 2276 1374 2366 probabili-

245 2399 308 2468 ter,
331 2391 443 2458 iudice
462 2395 577 2460 eodem
599 2396 758 2463 Pausania
779 2395 822 2460 11.
850 2396 903 2460 19.
950 2391 1049 2459 Certe
1069 2390 1213 2479 mythue
1235 2389 1277 2454 de
1292 2389 1372 2455 Pro-

244 2503 379 2568 metheo
394 2505 602 2571 Hellenieam
623 2506 745 2572 habuit
762 2505 939 2593 originem,
961 2526 1032 2571 non
1051 2502 1224 2593 Argivum.
1271 2502 1374 2569 Cete-

245 2635 342 2693 rum,
366 2638 444 2682 oum
461 2629 532 2683 tam
557 2618 695 2685 celebris
716 2617 911 2684 Promethei
925 2618 1015 2706 apud
1036 2617 1177 2683 Graeeoe
1191 2613 1283 2681 fama
1298 2614 1375 2680 fne-

245 2725 311 2805 rit,
341 2728 471 2795 mirum
499 2742 563 2808 est,
593 2732 727 2796 nullam
750 2729 821 2795 eius
843 2729 1050 2795 mentionem
1071 2728 1161 2818 apud
1186 2727 1372 2793 Homerum

245 2838 331 2905 fieri.

289 3088 324 3131 v.
349 3068 414 3133 565
436 3089 522 3155 seqq.
547 3047 625 3134 lecti
647 3067 743 3134 fuere
765 3091 785 3135 a
808 3067 943 3156 Cyn‘llo
960 3067 1060 3133 Alex.
1076 3068 1151 3133 adv.
1169 3067 1292 3134 lulian.
1309 3068 1371 3134 111.

244 3202 278 3267 p.
303 3183 358 3246 75.
382 3179 439 3259 C.,⁸
456 3192 647 3268 exponente
659 3180 741 3245 hino
754 3180 983 3249 narrationem
997 3180 1038 3244 de
1052 3178 1245 3245 Promethei
1264 3177 1371 3259 furto,

244 3292 349 3380 deque
371 3290 518 3357 formata
539 3315 558 3358 a
579 3292 748 3371 Vulcano,
772 3304 889 3359 ornata
911 3314 931 3357 a
952 3290 1086 3358 Pallade
1106 3291 1267 3359 Pandora.

288 3541 321 3584 r.
355 3519 420 3584 5⁷0
451 3538 539 3605 seqq.
579 3516 668 3584 Cum
699 3531 821 3597 eeeent,
842 3527 975 3606 recepto
994 3517 1089 3605 igne,
1112 3516 1267 3584 homines
1293 3539 1371 3584 ma.

242 3650 349 3718 gnum
373 3625 546 3696 advitam
573 3630 687 3720 adepti
715 3630 947 3710 commodum,
979 3630 1108 3718 Iupiter
1134 3618 1238 3696 illud
1253 3633 1369 3698 statim

242 3743 284 3807 iis
310 3764 523 3830 compensare
548 3744 660 3810 voluit
681 3744 822 3823 damno,
844 3744 934 3810 vitae
954 3741 1137 3810 hominum
1159 3743 1272 3809 addita
1290 3767 1370 3811 mu·

240 3855 334 3922 liare.
381 3855 513 3943 Itaque,
536 3854 673 3923 iubente
690 3878 745 3936 eo,
766 3857 900 3925 deluto
920 3854 1008 3923 facta
1034 3868 1083 3921 eet
1106 3856 1218 3944 prima
1241 3857 1368 3923 mulier

130 4029 133 4033 .
241 3967 406 4044 Pandora,
429 3988 532 4054 quem
550 3968 677 4056 recepit
694 3969 913 4057 Epimethem
934 3968 1055 4058 (supra
1065 3992 1097 4035 v.
1119 3972 1194 4036 5111.
1211 3951 1307 4058 Ἕργ.
1321 3972 1365 4036 83

239 4080 341 4170 seqq.)
367 4082 526 4171 cuiusque
555 4083 731 4151 scaevitate
762 4080 892 4150 facturn
917 4098 983 4163 est,
1007 4095 1050 4149 ut
1074 4084 1166 4149 mala
1195 4095 1230 4149 et
1252 4082 1363 4149 morbi

238 4216 337 4281 super
358 4207 484 4262 terram
505 4208 739 4285 spargerentur
763 4178 871 4287 (Ἔργ.
893 4198 939 4264 et
956 4192 1073 4284 seqq).
1119 4196 1257 4285 Repetit
1275 4197 1363 4284 lbey·

238 4306 315 4371 nius
346 4308 457 4397 1111.
487 4311 523 4374 ΣΙ
555 4310 630 4376 119.
656 4309 821 4376 Pandorae
843 4308 995 4392 fabulam
1008 4331 1036 4374 ¹a
1058 4310 1168 4399 prisco
1188 4332 1358 4387 sermone,
