2967 5209
470 488 500 549 11
526 504 650 551 ursioni
673 478 886 550 ruioeornn.
1170 475 1242 550 275

117 687 228 739 terum
252 674 378 750 nescio,
403 697 446 739 an
469 676 539 762 ipsa
562 676 641 741 baec
665 676 764 740 verba
778 679 867 741 male
881 687 1010 762 accepta
1031 674 1157 740 fundus
1172 673 1243 738 fue·

114 787 189 851 rint
208 786 435 852 recentiorum
457 789 660 868 traditionis,
684 811 788 877 quam
814 791 943 854 auctori
964 788 1098 860 Musaeo
1118 786 1242 851 tribuit

115 897 229 976 Sebol,
251 900 292 964 ad
315 902 473 987 Apellen.
499 901 609 968 Rhod.
634 902 694 967 111.
720 905 795 967 467.
815 904 923 981 1035,
942 903 983 968 ab
1005 900 1083 967 Iove
1096 912 1241 966 amatam
1327 978 1330 983 ,

115 1023 147 1077 et
168 1012 341 1099 gravidam
360 1012 529 1092 Asterien,
547 1014 629 1080 hinc
649 1038 792 1081 uxorem
813 1016 925 1080 datam
941 1013 1043 1079 fuisse
1054 1015 1186 1092 ·Persae,
1202 1025 1243 1077 ut

115 1118 217 1189 huius
236 1124 356 1191 deinde
374 1124 446 1190 filia
468 1126 556 1191 diota
571 1125 677 1192 fuerit
699 1127 835 1206 Hecate,
855 1128 1138 1214 quemadmodum
1154 1125 1241 1192 Her-

114 1238 206 1302 cules
225 1236 498 1326 Amphitryonis.
516 1238 605 1306 'Alii
625 1240 846 1318 tradiderant,
868 1241 957 1307 lovis
974 1241 1172 1327 amplexum
1186 1236 1240 1302 fu·

113 1350 261 1438 gientem
288 1351 455 1431 Asterien,
487 1351 569 1416 hinc
597 1353 749 1418 adsumta
772 1346 912 1442 ὄρτυγος
938 1360 1108 1416 coturnicis
1131 1349 1241 1417 forma

113 1461 333 1551 praecipitem
356 1464 394 1528 in
417 1486 510 1529 mare
531 1487 564 1530 se
584 1466 709 1532 dedisse
729 1468 819 1554 apud
839 1467 997 1543 insulam,
1013 1488 1096 1552 quae
1113 1464 1243 1553 abipsa

115 1576 270 1664 primum
293 1563 447 1663 ’Accepta
470 1588 504 1642 et
526 1562 711 1666 'Oproyiys
725 1580 807 1661 hine
836 1577 935 1645 Delos
961 1579 1051 1643 diota
1076 1578 1131 1643 sit.
1160 1576 1240 1644 Vid.

116 1686 255 1756 Gallim.
275 1687 316 1756 Η.
334 1687 371 1753 in
388 1687 461 1755 Del.
483 1692 538 1756 37.
562 1689 718 1778 Apollod.
742 1691 769 1756 Ι.
792 1690 850 1757 IV.
872 1712 926 1778 pr.
953 1690 1108 1778 Hyginus
1134 1689 1160 1756 f.
1187 1696 1240 1755 53.
1334 1684 1335 1687 '

114 1798 211 1881 Haec,
235 1822 441 1887 quamquam
457 1801 498 1866 ab
524 1802 681 1868 Hesiodea
699 1804 893 1870 narratione
913 1803 1063 1882 diversa,
1076 1802 1240 1869 celebrem

113 1926 228 1979 tamen
246 1913 431 2000 antiquitus
453 1914 599 1979 Asteriae
617 1915 818 1980 memoriam
829 1925 987 2001 arguunt,
998 1914 1132 1979 tametsi
1144 1916 1243 1980 nulla
1269 1896 1271 1907 Δ

113 2028 184 2093 eius
210 2027 299 2115 apud
324 2025 510 2091 Homerum
538 2027 668 2092 mentio
696 2038 818 2091 ¹exstat.
866 2025 1011 2091 Hecaten
1040 2039 1152 2091 autem
1171 2050 1241 2091 non

114 2139 273 2219 Asteriae,
293 2140 349 2204 sed
363 2138 542 2226 Nymphae
556 2138 697 2204 alicuius
711 2151 746 2203 et
761 2139 885 2217 Persae,
905 2137 981 2203 Sole
998 2139 1116 2226 geniti,
1132 2139 1241 2204 filiam

113 2252 227 2331 fuisse,
242 2253 427 2341 Dionysius
438 2251 589 2317 Milesius
603 2251 786 2317 tradiderat
801 2253 915 2339 primo
925 2252 1240 2339 Argonauticorum,

113 2377 196 2431 teste
212 2364 396 2432 Scholiasta
411 2365 452 2429 ad
471 2364 630 2452 Apollon.
649 2363 760 2429 Rhod.
782 2363 842 2431 111.
855 2365 945 2443 200,
965 2365 1003 2430 in
1017 2365 1140 2452 quibus
1151 2367 1240 2452 quod

114 2476 191 2544 Sole
211 2477 342 2565 genitus
366 2476 476 2542 Perses
493 2476 638 2556 dicitur,
658 2476 742 2541 item
760 2498 897 2571 arguere
919 2478 1063 2556 videtur,
1081 2479 1241 2566 opinione
1319 2490 1321 2497 ’

113 2590 275 2657 Veterum
303 2590 452 2680 aliquam
477 2590 580 2654 huius
609 2590 739 2655 Titanis
759 2612 838 2657 cum
861 2589 938 2656 Sole
964 2591 1240 2656 necessitudinem

114 2703 342 2769 intercessisse.

158 2952 191 2996 v.
209 2930 285 2996 409.
303 2927 344 2994 ln
362 2919 524 3014 eborones
546 2941 721 3018 argutatur
741 2928 943 3010 Scholiasta,
967 2932 1108 2996 meliora
1128 2931 1241 2995 dicens
1266 2906 1268 2913 ,

113 3042 234 3108 dextra
256 3042 382 3121 omnia,
407 3041 571 3106 deteriora
583 3042 726 3121 sinistra,
744 3055 777 3107 et
791 3066 857 3107 esse
870 3056 1037 3109 astrorum
1051 3046 1161 3108 lucem
1178 3044 1240 3107 mi·

114 3177 234 3220 norem
249 3154 382 3221 diurna.
416 3152 550 3220 Rectius
572 3154 765 3220 basileensis
782 3155 946 3242 ceterique
966 3156 1167 3244 interpretes
1189 3178 1240 3221 ac-

112 3289 228 3355 cepere
245 3268 377 3334 claram.
414 3264 627 3336 Vocabulum
644 3266 732 3355 apud
752 3268 937 3333 Homerum
954 3293 1021 3334 non
1042 3281 1167 3335 exstat:
1184 3269 1238 3334 sed

113 3403 151 3445 eo
165 3360 358 3467 frequenter
377 3402 455 3446 usus
477 3394 525 3446 est
547 3380 719 3447 Pindarus.

158 3630 214 3674 vv.
246 3608 431 3674 tta-452.
478 3607 617 3674 Certum
644 3606 795 3686 videtur,
826 3606 1073 3692 antiquissimos
1096 3604 1237 3671 Graecos

106 3709 250 3785 ι’11111111
277 3732 311 3785 et
332 3708 507 3808 Ἑκάεργον
538 3720 669 3804 Solem,
693 3708 833 3798 Ἑκάτην
855 3731 888 3785 et
911 3709 1086 3805 Ἑκαέργην
1109 3719 1240 3782 Lunam

112 3833 238 3899 dixisse
257 3833 301 3898 ob
323 3833 396 3900 vim
416 3834 539 3898 horum
557 3835 704 3899 siderum
725 3857 743 3899 e
764 3835 948 3922 longinquo
959 3842 1166 3920 operantem.
1188 3829 1240 3895 Aa

55 3982 58 3987 <
112 3946 201 4010 hanc
218 3947 332 4011 Lunae
350 3947 434 4024 vim,
458 3947 645 4010 multarum
661 3946 698 4011 in
713 3947 812 4011 terris
828 3966 942 4010 rerum
965 3945 1131 4022 altricem,
1145 3945 1239 4008 mul-

112 4068 293 4144 torumque
312 4058 477 4125 bonorum
493 4056 692 4125 homiuibus
707 4058 914 4136 effectricem,
930 4058 1101 4145 pertinere
1122 4056 1241 4122 viden·

114 4182 172 4236 tur
204 4193 259 4251 ea,
292 4194 375 4260 quae
407 4176 504 4261 potita
538 4171 687 4259 longiore
718 4172 783 4238 hoc
811 4173 884 4237 loco
906 4170 947 4234 de
969 4170 1120 4258 potentia
1142 4181 1241 4259 atque

114 4283 299 4349 honoribus
328 4285 461 4352 Hecates
496 4285 679 4374 praedicat,
711 4286 867 4374 quamvis
894 4283 965 4371 ipse
983 4283 1053 4348 iam
1074 4283 1240 4351 diversam

1020 4394 1097 4470 18*
