2967 5209
231 496 302 569 2⁶32
667 519 906 591 eosns'srinvs

230 694 289 761 111.
320 692 442 761 XXVI.
467 660 518 768 e,
542 712 608 783 quo
629 668 792 771 eontulit,
812 680 991 778 quoddni
1017 682 1167 782 χρυσέων
1190 681 1358 779 Νηρηΐδων

229 828 330 894 genus
337 826 436 877 suum
441 802 636 897 impetebant
643 804 810 873 Aeacidae.
819 805 898 874 Vid.
907 805 1069 873 Pindarus
1076 804 1171 873 Nem.
1178 804 1222 879 V.
1234 807 1354 893 ldaeq.

272 917 370 985 Nerei
383 936 471 985 uxor
492 917 589 985 Doris
606 916 708 991 etiam
721 917 792 1005 ipsa
809 938 871 1006 pro
890 918 979 983 mari
994 918 1146 1005 ponitur,
1164 927 1254 983 certe
1262 919 1357 1005 apud

231 1033 366 1101 Latinos
386 1034 513 1120 poitas.
533 1030 612 1098 Vid.
632 1030 756 1118 Virgil.
778 1031 850 1099 Eol.
868 1032 911 1099 X.
933 1034 964 1097 5.
979 1030 1079 1099 Ovid.
1096 1024 1153 1100 IV.
1175 1032 1261 1099 Fast.
1273 1035 1357 1099 673.

272 1281 305 1325 v.
326 1258 403 1324 242.
425 1255 558 1322 Dicitur
580 1245 734 1327 'linearia
758 1242 881 1334 τελῆεα
897 1248 1067 1340 τέταρτος,
1091 1266 1129 1319 ut
1154 1254 1236 1322 item
1260 1254 1359 1322 infra

228 1394 263 1436 v·
284 1372 360 1436 959.
381 1367 446 1437 Od.
469 1368 512 1433 A·
536 1370 611 1434 638.
634 1380 669 1434 et
691 1367 786 1434 alibi.
815 1368 875 1434 Est
896 1356 1032 1449 τελῆεκς,
1055 1378 1106 1432 cai
1124 1370 1205 1439 nihil
1219 1372 1266 1434 ad
1273 1395 1357 1458 per·

218 1482 393 1569 sectionem
417 1480 523 1562 deest,·
546 1489 581 1543 in
603 1504 660 1546 sno
677 1478 794 1569 genem
809 1480 1070 1567 perfectissimus.
1111 1480 1166 1548 Sic
1186 1483 1357 1571 apudHo·

228 1616 363 1661 merum
386 1593 507 1680 passim
530 1581 709 1672 τεληεααακ
729 1582 920 1679 ἑκατόμβαι
941 1606 1172 1661 memorantur
1194 1607 1235 1660 etv
1251 1595 1294 1663 Η.
1314 1597 1359 1662 in

228 1705 328 1770 Mero.
352 1706 427 1779 541.
453 1693 617 1784 τεληεκτες
642 1696 749 1771 riurei.

193 2010 196 2015 Ι
271 1930 429 1998 Versibus
450 1935 626 2002 tta-263
651 1935 813 2007 recensita
835 1934 973 2000 nomina
995 1934 1175 2000 Nereidum
1194 1938 1360 2031 pleraque

227 2056 359 2110 exstant
389 2047 492 2111 eliam
522 2049 610 2136 apud
631 2047 816 2114 Homerum
837 2048 877 2114 Il.
909 2049 947 2112 Σ.
971 2053 1014 2116 30
1034 2072 1120 2138 seqq.
1140 2050 1298 2138 Apollod.
1321 2051 1357 2116 Ι.

227 2158 270 2223 ΙΙ.
305 2162 336 2225 7.
366 2159 542 2247 Hyginum
563 2161 603 2227 in
624 2160 729 2250 praef.
784 2162 890 2227 Ducta
914 2173 994 2227 sunt
1016 2185 1053 2228 ea
1074 2163 1200 2251 partim
1221 2186 1239 2228 a
1263 2165 1361 2228 mari

225 2272 315 2360 ipso,
338 2274 499 2361 rebusque
516 2275 554 2340 in
579 2297 617 2340 eo
636 2277 689 2343 rel
710 2276 799 2340 circa
819 2275 907 2340 illud
931 2276 1132 2365 conspicuis3
1161 2277 1287 2365 partim
1309 2277 1361 2342 ab

225 2385 285 2464 iis,
305 2409 387 2473 quae
409 2406 503 2452 mare
521 2387 711 2453 exercentes
721 2378 796 2452 ‘sibi
824 2387 865 2452 ad
889 2409 1082 2475 prosperam
1094 2382 1360 2476 'nevigationem

225 2510 360 2585 optant3
387 2499 514 2585 partim
545 2499 787 2576 incommode,
810 2522 893 2586 quae
914 2500 1082 2588 navigatio
1101 2512 1134 2565 et
1153 2502 1360 2567 commercia

225 2610 405 2675 homiuum
426 2633 488 2698 per
507 2633 601 2675 mare
620 2611 774 2677 afferunt.
814 2611 996 2677 Memorato
1018 2611 1165 2698 quidem,
1186 2612 1289 2676 etiam
1308 2613 1360 2676 ab

224 2723 369 2788 Homero
387 2722 468 2811 (Le.
484 2747 517 2789 v.
531 2720 612 2809 43),
629 2714 752 2810 Πρωτὼ
773 2746 852 2788 cum
868 2723 910 2788 ab
921 2724 1062 2790 Hesiodo
1072 2725 1183 2812 prima
1195 2725 1361 2791 omnium
1474 2810 1475 2813 Ἴ

223 2836 278 2900 hle
297 2846 443 2924 ponatur
459 2835 504 2923 (v.
525 2834 616 2923 243.)
640 2837 721 2902 huie
741 2848 830 2903 certe
847 2835 919 2905 visa
934 2836 970 2902 id
988 2859 1112 2902 nomen
1128 2837 1362 2924 habere,quia
1474 2834 1475 2849 ¹

222 2948 335 3036 primo
364 2949 486 3035 genita.
532 2947 594 3014 Sed
626 2936 794 3035 Εὐκράτη,
826 2971 927 3035 quam
949 2971 983 3015 v.
1008 2949 1084 3015 243.
1106 2951 1220 3037 plures
1245 2949 1375 3019 codd.-

223 3074 418 3150 agnoscunt‚
442 3062 533 3128 haud
551 3063 651 3128 dubie
671 3063 759 3128 dieta
778 3074 825 3128 est
839 3084 857 3128 a
873 3062 963 3128 mari
980 3074 1183 3151 temperato:
1207 3062 1361 3131 ineuius

222 3178 336 3240 locum
346 3176 494 3241 Nere'idis
508 3176 536 3241 si
551 3176 745 3264 recipiatur,
760 3186 800 3239 ut
817 3174 941 3241 anobis
957 3158 1087 3264 recepta
1099 3187 1156 3256 est,
1173 3163 1363 3262 Εὐκράντη,

223 3284 360 3351 fortasse
381 3289 495 3363 eadem
522 3288 722 3376 Apollodori
742 3289 767 3354 l.
789 3310 818 3354 e.
843 3274 990 3375 Κραντὼ,
1011 3288 1106 3354 notio
1132 3289 1363 3377 perficiendae
1474 3300 1476 3327 .

222 3396 367 3463 feliciter
386 3399 609 3486 navigationis
628 3399 766 3467 suberit.
808 3400 904 3466 Dicta
925 3389 1001 3463 Zela
1017 3421 1050 3465 v.
1063 3399 1140 3469 243.
1157 3424 1221 3469 esse
1231 3412 1359 3489 potest,

221 3512 276 3577 vel
298 3535 316 3575 a
336 3490 506 3577 servandis
526 3512 668 3597 navigiis
689 3524 722 3578 et
741 3513 869 3591 nautis,
901 3514 955 3579 vel
979 3535 998 3577 a
1020 3500 1094 3577 cde
1115 3528 1239 3592 nauseo,
1259 3512 1362 3579 unde

221 3611 456 3707 eddsexaestns
478 3631 587 3689 maris.
616 3617 820 3713 Ἀμφιτρίτη
845 3625 940 3714 (ibid.
961 3638 995 3692 et
1014 3627 1091 3692 254.
1113 3622 1203 3711 930.)
1224 3647 1359 3691 nomen

220 3737 342 3803 habuit
360 3761 378 3802 a
397 3738 558 3817 cavernis,
580 3736 702 3824 quibus
721 3740 892 3826 scopulosa
912 3726 1016 3804 niaris
1036 3740 1152 3804 littora
1165 3739 1359 3817 abundant,

221 3862 261 3915 ut
288 3862 337 3916 est
368 3842 536 3937 ἄραφκτρης
568 3852 725 3940 spelunca
754 3851 842 3938 apud
871 3849 1027 3940 Sophoel.
1056 3852 1095 3916 in
1126 3851 1268 3918 Philoct.
1295 3853 1357 3919 19.

220 3949 345 4050 Es'ddpn
372 3962 417 4053 (τ.
438 3962 530 4049 244.)
543 3963 632 4029 dicta
649 3964 690 4029 ab
711 3953 948 4050 reputantibus
964 3965 1060 4042 bona,
1080 3984 1165 4051 quae
1178 3986 1238 4052 per
1255 3984 1358 4028 mare

78 4152 82 4159 „
217 4072 260 4138 'ad
275 4100 307 4141 se
324 4076 433 4141 delata
448 4089 651 4164 acceperant.
681 4077 794 4142 Dictae
813 4076 891 4143 inde
909 4077 1069 4142 similiter
1084 4067 1240 4163 Asplcsv.
1254 4075 1353 4162 250.)

219 4187 312 4251 euius
344 4189 432 4275 apud
454 4188 648 4262 ¹Homerum
668 4188 806 4261 ‚mentio
834 4191 858 4256 l.
882 4214 909 4255 c.
933 4213 965 4256 v.
991 4191 1049 4269 453
1074 4179 1174 4252 Δωτὼ
1195 4189 1240 4276 (v.
1257 4191 1353 4278 248.)

70 4302 79 4321 “
141 4374 147 4385 .
218 4315 399 4368 memorata
417 4302 562 4369 Homero
574 4302 656 4369 ibid.
669 4325 700 4368 v.
719 4303 772 4368 43.
795 4304 897 4368 etiam
921 4302 1066 4390 Virgilio
1088 4303 1145 4390 IX.
1174 4302 1257 4369 Aen.
1272 4306 1348 4371 102.
