2967 5209
251 502 324 581 308
691 532 931 580 corrasimus

250 702 425 791 terpretati
448 712 536 767 suut.
570 702 648 771 Vid.
678 704 837 792 Apollon.
872 705 910 768 in
941 703 1024 766 Lex.
1056 701 1096 765 ad
1119 723 1151 767 v.
1176 699 1248 790 (ubi
1270 700 1379 766 etiam

251 815 353 879 huius
361 814 429 879 Ioci
447 836 578 880 memor
591 814 672 903 fuit)
686 816 870 903 Hesychius
881 826 915 879 et
924 816 1041 902 Etym.
1054 813 1100 879 M.
1117 813 1155 877 iu
1167 834 1200 878 v.
1213 813 1381 902 Paraphr.

251 939 285 992 et
303 924 414 992 schol.
444 927 487 1007 ad
504 927 602 994 Hom.
632 927 673 994 Il.
695 927 734 995 A.
756 929 820 994 460
838 939 872 992 et
894 928 968 994 464.
991 926 1052 993 Ed.
1074 925 1249 996 Wassenb.
1273 924 1378 992 Cous.

252 1053 285 1105 et
303 1041 476 1107 Pausanias
497 1042 524 1110 1.
544 1043 597 1108 24.
618 1042 711 1110 VIII.
734 1044 788 1107 38.

298 1293 330 1336 v.
352 1272 416 1338 502
440 1293 524 1358 seqq.
558 1271 712 1359 Hyginus
735 1272 760 1336 l.
780 1282 809 1335 c.
832 1269 972 1356 Iupiter,
1004 1268 1135 1352 inquit,
1161 1289 1231 1330 cum
1246 1266 1379 1354 jactum

205 1379 209 1387 '
253 1385 415 1465 rescisset,
437 1390 542 1447 auimo
560 1396 724 1471 permoto,
750 1379 933 1446 mortalibus
952 1386 1069 1467 cripuit
1087 1386 1210 1465 ignem,
1235 1401 1275 1441 ue
1296 1378 1379 1440 Pro-

253 1495 367 1559 methei
382 1504 491 1583 grotta
500 1497 579 1583 plus
595 1496 738 1560 ¹Deorum
751 1505 910 1582 potestate
929 1492 1063 1569 volaret,
1088 1515 1163 1555 neve
1183 1499 1291 1554 curnis
1305 1514 1380 1554 usus

253 1607 337 1670 utilis
359 1606 535 1672 hominibus
559 1608 734 1688 videretur,
760 1629 830 1670 cum
851 1612 941 1693 coqui
967 1627 1031 1667 non
1050 1617 1166 1690 posset.
1214 1603 1289 1691 Ipse
1311 1604 1379 1669 H‘e-

253 1718 363 1784 siodus
377 1702 473 1808 ’'spy.
508 1742 540 1785 v.
571 1719 624 1783 52.
650 1717 735 1783 aios
759 1718 873 1783 lovem
901 1700 1026 1803 spada
1044 1715 1125 1803 rap,
1150 1715 1239 1781 unae
1260 1717 1378 1804 expu-

252 1831 397 1895 candum
415 1830 451 1897 h.
471 1832 496 1897 l.
523 1822 579 1894 ads
597 1817 718 1911 ididan,
740 1837 866 1918 negavit
888 1836 929 1893 iis
952 1853 1057 1905 mam,
1085 1850 1176 1917 quem
1202 1841 1299 1892 antea
1320 1829 1378 1892 ba·

252 1928 416 2007 buerant'
442 1941 539 2009 Certo
559 1941 768 2030 probabilius
789 1941 835 2006 sic
853 1940 1012 2029 fingitur,
1035 1963 1115 2006 cum
1134 1963 1185 2006 res
1203 1952 1274 2005 acta
1289 1941 1377 2006 dica·

252 2065 310 2118 tur
337 2055 507 2133 diaconae,
534 2055 601 2119 nisi
627 2054 824 2131 contendas,
854 2053 918 2118 hoc
948 2053 1087 2123 nomine
1105 2053 1290 2140 significari
1308 2076 1379 2119 non

252 2166 388 2247 urbem,
422 2167 554 2256 pridem
579 2167 620 2236 ab
643 2166 840 2233 hominibus
867 2168 1054 2245 conditam,
1081 2168 1137 2232 sed
1159 2169 1291 2246 locum,
1318 2168 1378 2233 ubi

156 2271 163 2283 ⁶
196 2274 201 2283 ’
251 2291 364 2368 postea
383 2281 462 2346 urbs
481 2280 560 2346 fuit.
608 2281 686 2347 Alia
709 2302 761 2344 res
781 2292 829 2345 est
847 2280 886 2344 in
907 2279 1089 2344 traditione
1111 2279 1198 2367 apud
1219 2280 1399 2368 Apollod.'

252 2392 375 2460 LVII.
399 2416 472 2480 pu,
486 2416 561 2479 ,qua
583 2391 693 2457 fertur
713 2391 930 2458 Plometheus
950 2391 1038 2456 fictis
1063 2390 1104 2456 ab
1123 2415 1157 2457 se
1181 2392 1378 2457 hominibus

251 2504 452 2570 subductum
479 2506 571 2570 coelo
596 2505 710 2592 ignem
735 2504 869 2569 dedisse.
917 2494 978 2569 s'ed
1005 2514 1098 2568 ortus
1127 2501 1261 2569 fabulae
1278 2527 1378 2594 repe-

252 2615 371 2680 tendus
396 2615 486 2680 mihi
518 2639 588 2680 non
612 2615 713 2680 dubie
736 2598 872 2681 videtur
898 2614 941 2680 ab
972 2594 1110 2702 antiqua
1132 2617 1315 2684 traditione
1335 2618 1377 2682 de

251 2738 383 2815 recepto
400 2727 494 2816 igne,
516 2750 621 2815 quam
641 2727 760 2793 hostili
775 2727 951 2793 invasione
969 2727 1081 2793 subito
1103 2727 1235 2793 sedibus
1257 2741 1378 2796 extur·
1462 2706 1463 2711 ἵ

251 2839 322 2905 bati
347 2852 392 2905 et
400 2840 513 2906 hinc
502 2864 540 2905 111
560 2842 688 2906 deserta
712 2837 866 2927 profugi,
893 2841 947 2905 vel
968 2839 1164 2905 huiusmodi
1186 2842 1378 2908 calamitate

251 2954 384 3041 aliqua,
412 2953 516 3076 prisci
538 2953 708 3031 homines,
734 2952 938 3017 Graecorum
973 2966 1002 3015 a·
1001 2941 1143 3039 ρογονοι,
1176 2952 1376 3032 amiserant,

250 3087 415 3167 quemque
426 3036 509 3129 vel
498 3086 650 3152 1psorum
663 3065 783 3150 aliquis
800 3062 941 3129 solerti
931 3074 1080 3141 mvento,
1094 3065 1148 3130 vol
1159 3064 1307 3130 advena
1296 3066 1377 3153 lpsis

249 3178 409 3243 restituit.
454 3177 604 3264 Namque
622 3176 748 3243 advena
770 3174 871 3240 fuisse
888 3174 1079 3241 Phoroneus
1101 3177 1247 3255 videtur,
1274 3200 1375 3264 quem

249 3291 461 3357 inventorem
479 3290 568 3377 ignis
588 3288 726 3376 Argivi,
753 3311 824 3353 non
841 3287 1077 3353 Prometheum
1102 3285 1272 3368 ferebant,
1295 3301 1377 3355 teste

250 3402 408 3466 Pausania
427 3402 549 3479 11.29.,
568 3423 770 3487 quamquam
781 3400 862 3465 huic
876 3399 1053 3465 traditioni
1071 3398 1147 3465 fons
1164 3399 1267 3467 fuisse
1283 3401 1376 3468 idem

249 3524 373 3602 potest,
407 3524 505 3601 atque
524 3513 716 3591 Hesiodeae,
738 3525 779 3577 ut
796 3512 980 3600 significata
995 3533 1047 3576 res
1068 3513 1286 3592 eademnec
1307 3515 1376 3580 nisi

248 3628 287 3693 in
307 3627 431 3693 edendo
452 3626 639 3693 inventoris
653 3625 792 3691 nomine
815 3625 985 3695 variatum
1003 3625 1058 3693 sit.
1105 3625 1264 3692 Attamen
1283 3626 1374 3691 mihi

248 3744 328 3810 veho
341 3742 489 3808 similius
503 3740 648 3819 videtur,
668 3740 815 3805 diversos
829 3739 982 3827 populos,
1001 3739 1056 3803 sed
1069 3739 1150 3827 pari
1168 3737 1249 3817 fato,
1266 3761 1373 3826 quon·

248 3855 327 3920 dam
347 3879 366 3921 a
387 3855 531 3921 cultiore
551 3853 733 3919 hominum
761 3852 833 3918 vita
852 3863 1049 3939 segregatos,
1073 3852 1203 3917 diverso
1223 3863 1373 3940 tempora

249 3971 405 4036 uomodo
429 3969 518 4057 ignis
538 3988 637 4033 usum
659 3988 882 4054 recuperasse,
906 3965 1150 4052 reique'huius
1172 3967 1371 4032 memoriam

247 4105 397 4150 servasse.
444 4081 555 4147 Plinio
577 4090 659 4145 teste
676 4078 753 4149 VII.
773 4078 826 4144 56.
842 4078 956 4164 iguem
979 4098 1023 4149 ex
1036 4079 1129 4145 silice
1145 4079 1288 4166 Pyrodes
1309 4078 1370 4145 Ci-

247 4196 302 4261 lix
323 4195 489 4261 invenisse
509 4190 752 4281 perhibebatur
775 4189 876 4280 (conf.
892 4191 1015 4278 Virgil.
1039 4192 1067 4260 Ι.
1093 4191 1134 4260 G.
1157 4189 1261 4278 lat),
1285 4214 1371 4259 eun-

246 4307 323 4384 dem
345 4307 516 4373 adservare
538 4305 577 4370 in
598 4300 707 4371 ferula
728 4287 957 4375 Prometheus.
