2967 5209
481 496 513 542 ιιι
538 496 662 571 ismioni
686 497 902 548 moeornu.
1182 474 1256 552 208

134 683 217 749 qnae
229 662 430 749 simpliciter
444 666 583 731 nomina
600 665 716 733 haberi
732 669 925 756 puellarum
944 679 1100 758 possunt,
1131 678 1172 735 ut
1190 670 1249 738 ha·

133 773 239 840 banda
256 775 396 841 omnino
415 776 573 843 videntur
587 766 749 863 Ἀδμήτη,
767 768 869 861 Ἰάνθη
894 781 939 870 (ι.
961 777 1050 867 349.)
1078 777 1251 866 Κλυμένη,

131 872 251 951 ‘attan
266 887 312 975 (v.
324 887 416 975 aas.)
430 884 551 971 κιυτη
570 881 1060 982 (v.ss1.)’1asnps,’nsam
1079 893 1124 984 (v.
1140 893 1246 983 ssa).

132 995 246 1084 Itaque
276 1000 399 1081 nescio,
431 1024 474 1069 an
494 1003 597 1070 nimis
615 1004 760 1092 argutati
777 1005 846 1070 sint
864 1004 1080 1092 interpretes,
1105 1005 1165 1092 qui
1189 994 1250 1070 rio·

129 1110 223 1174 mina
248 1109 453 1179 Oceanidum
475 1115 511 1182 h.
541 1117 565 1182 l.
598 1128 633 1182 et
661 1117 751 1204 apud
769 1116 954 1183 Homerum
972 1116 998 1181 l.
1019 1137 1047 1181 c.
1068 1114 1139 1181 sine
1155 1135 1249 1182 exce·-

127 1221 246 1308 ptione
272 1224 387 1290 omnia
415 1226 455 1292 ad
483 1227 631 1314 aliquam
658 1249 760 1316 aquae
778 1228 832 1295 vel
856 1226 961 1292 fontis
979 1226 1143 1292 virtutem
1164 1226 1250 1293 refe·

126 1333 230 1398 renda
249 1334 497 1416 existimarunt,
519 1341 606 1426 quod
631 1341 670 1406 in
692 1340 869 1407 nonnullis
888 1339 1083 1405 nominibus
1101 1340 1250 1428 aliquam

126 1444 201 1509 veri
219 1446 360 1532 speciem
388 1447 509 1515 habere
527 1463 651 1539 potest,
679 1463 716 1517 ut
736 1453 775 1518 in
798 1439 902 1531 Ξάνθη
928 1451 974 1543 (v.
997 1452 1087 1536 366.)
1106 1453 1190 1517 item
1211 1452 1250 1517 in

127 1547 200 1637 Θόη
222 1557 267 1645 (v.
282 1555 420 1663 364.)εῑ
439 1563 530 1627 stan
531 1551 583 1644 66η
608 1562 654 1654 (ι.
672 1562 776 1651 362.)
797 1575 832 1628 at
851 1564 985 1629 veroin
1003 1564 1079 1628 aliis
1097 1585 1166 1628 non
1183 1562 1251 1627 nisi

125 1690 205 1733 cum
224 1646 489 1739 hallucinatione
505 1686 665 1755 tentatur,
685 1687 771 1741 ute.
794 1698 825 1763 g.
852 1662 1002 1759 'Adsensu
1027 1678 1071 1758 (r.
1092 1670 1182 1762 349.)
1208 1673 1248 1739 L.

125 1778 261 1846 Barlaeo
282 1782 377 1850 adh.
397 1786 422 1850 l.
442 1807 564 1851 nomen
584 1785 705 1852 babere
724 1786 794 1852 visa
813 1796 861 1851 est
880 1784 1020 1850 amaris
1041 1781 1084 1873 (l)
1105 1782 1245 1861 ferocia,

124 1893 153 1959 Ι.
177 1893 218 1968 Η.
240 1893 357 1962 Vossio
375 1897 415 1962 ad
432 1896 529 1963 Hom.
556 1898 598 1963 Η.
615 1900 642 1966 l.
665 1920 695 1966 c.
717 1895 759 1963 ab
778 1897 905 1963 invicta
930 1898 968 1961 in
994 1897 1134 1984 perenni
1154 1893 1249 1960 fonte

123 2027 227 2091 aquae
241 2005 456 2088 abundantia,
472 2007 691 2097 Goettlingio,
711 2010 801 2096 quod
825 2033 905 2088 non,
921 2020 960 2073 ut
982 1996 1100 2084 Πειθὼ,
1122 2005 1249 2072 fossase

121 2118 256 2184 includi
277 2119 435 2206 patiatur.
474 2121 563 2187 Mihi
585 2109 690 2188 [lesdis
712 2121 868 2208 quidem
878 2119 969 2185 haud
1004 2119 1110 2206 magis
1143 2116 1248 2183 fontis

121 2252 190 2295 esse
205 2229 364 2318 Nympha
383 2232 533 2312 videtur,
551 2255 651 2319 quam
668 2244 726 2298 aut
737 2224 855 2322 Τνχη,
867 2212 1072 2318 autl‘lepcn'i‘c
1085 2232 1131 2318 (v
1143 2227 1247 2317 366.,)

120 2343 249 2429 inquo
263 2343 401 2410 nomine
420 2344 536 2431 utique
553 2345 689 2410 haerere
706 2344 842 2410 videas
831 2356 1039 2432 interpretes.
1062 2344 1146 2409 Puto
1155 2365 1247 2430 equs
1329 2322 1331 2329 ,

120 2455 219 2534 dem,
244 2452 305 2519 sub
332 2477 371 2520 eo
395 2457 523 2523 cultam
547 2457 673 2522 alicubi
690 2455 792 2521 fuisse
815 2455 929 2522 Persae
951 2455 1059 2521 filiam
1079 2455 1242 2533 Hecaten,

120 2578 222 2654 atque
249 2568 326 2633 inde
352 2567 479 2634 factum
502 2592 586 2649 esse,
613 2581 653 2634 ut
679 2569 844 2635 diversam
875 2567 916 2633 ab
936 2567 1054 2634 Hecate
1073 2570 1177 2634 Deam
1193 2567 1247 2634 vel

119 2680 266 2769 primus,
283 2682 337 2746 vel
358 2692 433 2769 post
448 2682 531 2747 alios
546 2680 727 2747 arbitratus
739 2681 898 2748 Hesiodus
914 2682 1061 2747 dandum
1074 2682 1106 2747 ei
1119 2702 1250 2769 quoque

118 2813 249 2859 nomen
267 2791 357 2857 inter
373 2791 552 2860 Oceanidas
572 2794 748 2861 censuerit.
783 2776 952 2860 Similiter
975 2783 1122 2879 Οὐρανίη,
1145 2813 1247 2878 quam

118 2903 208 2969 item
239 2901 445 2970 Oceaninam
473 2927 551 2970 cum
585 2904 729 2970 Homero
758 2903 799 2970 H.
826 2905 864 2968 in
886 2902 960 2971 Cer.
979 2905 1053 2970 423.
1088 2902 1248 2969 Hesiodus

118 3015 208 3085 facit
224 3017 272 3107 (v.
291 3013 395 3106 360),
413 3018 501 3083 mihi
522 3019 655 3085 videtur
670 3040 740 3083 non
760 3016 909 3080 imbribus
925 3025 1075 3083 nutritiam
1090 3014 1247 3101 velquasi
1264 3034 1274 3049 ·

116 3130 254 3195 coelitus
278 3131 317 3195 ab
339 3130 404 3194 alto
433 3129 554 3217 lapsum
578 3128 709 3195 fontem
732 3128 897 3205 indicare,
917 3127 975 3190 sed
993 3125 1122 3191 cultam
1146 3123 1249 3189 variis

119 3241 281 3309 Graeciae
307 3242 389 3307 locis
417 3241 600 3309 Coelestem
616 3242 737 3319 Deam,
766 3261 886 3325 quasa
904 3238 1045 3327 posteris
1066 3224 1248 3325 Ἀφροδὶτη

118 3345 279 3440 Οὐρανίη,
310 3355 495 3441 antiquitus
524 3353 725 3443 simpliciter
747 3342 886 3439 Οὐρανὶη
907 3350 996 3417 dicta
1016 3349 1121 3416 fuerit
1146 3361 1180 3414 et
1199 3347 1247 3412 sic

117 3467 244 3535 multis
270 3468 399 3534 diversa
421 3469 535 3535 habita
562 3468 742 3537 aVenere
766 3464 865 3534 Conf.
894 3466 1030 3531 Pausan
1051 3459 1242 3529 1.1t.111

119 3582 180 3646 23.
206 3580 283 3647 VII.
310 3581 365 3645 26.
397 3581 490 3647 Alias
508 3582 690 3647 Doctorum
717 3580 882 3649 Virorum
909 3598 1009 3666 super
1038 3573 1252 3667 quarundam

119 3693 336 3761 Oceanidum
354 3693 547 3759 nominibus
566 3693 846 3761 hallucinationes
865 3687 958 3757 infra
981 3688 1022 3754 ad
1044 3683 1204 3774 singula
1192 3705 1245 3747 ιιι-

121 3806 311 3905 dicabimus
330 3830 389 3872 suo
405 3809 493 3873 loco.

170 4054 204 4098 r
220 4032 300 4099 347.
331 4051 391 4098 κου
391 4019 529 4122 ρίζιυσν,
549 4031 747 4100 scholiastes
762 4028 851 4096 mals
867 4027 1062 4093 intellectus
1078 4023 1252 4111 Guyetum

124 4156 160 4210 et
181 4142 351 4211 Clericum
379 4146 534 4225 induxit,
560 4156 601 4210 ut
623 4155 830 4236 exponerent
851 4126 999 4229 κείρουσι.
1035 4138 1095 4207 Est
1117 4121 1250 4224 scescle

129 4266 331 4323 invenescere
350 4262 404 4328 vel
425 4270 528 4347 uigere
536 4260 705 4353 sacto
