2967 5209
25 4370 27 4447 i

25 4456 27 4545 θ

236 450 310 529 328
595 446 598 451 ⁸
673 478 914 527 cousensus

237 652 329 717 rium
353 651 457 728 Deus,
480 648 619 737 quique,
646 649 683 715 in
706 649 810 715 maris
830 647 937 715 fundo
960 647 1130 724 habitans,
1153 644 1287 710 facilem
1309 669 1374 710 ec-

204 770 207 777 ‘
232 784 361 828 cessum
385 761 522 828 heberet
546 763 588 828 ed
612 736 779 827 Ὠκεοοοοῖο
803 748 964 845 θέμεθλα,
994 782 1079 847 quae
1098 757 1198 825 fuisse
1217 783 1236 825 a
1256 761 1374 824 latere

235 874 388 941 Tartarei
416 873 502 963 septi
525 873 790 962 intelliguntur,
809 872 897 959 quod
924 872 970 963 (v.
993 868 1083 958 728.)
1109 893 1208 959 supra
1226 883 1372 959 septum

235 986 324 1051 illud
351 996 385 1050 et
408 976 589 1050 Tartarum
610 981 710 1050 fuisse
731 983 893 1050 dicuntur
913 979 977 1074 γῆς
994 975 1080 1072 θὶζοοι
1101 976 1159 1049 rei
1175 971 1370 1065 θαλάσσης,

235 1100 339 1167 maris
370 1098 558 1177 interioris,
590 1110 625 1164 et
655 1121 724 1164 non
756 1097 890 1166 Oceani.
947 1097 1002 1165 Sic
1034 1098 1141 1187 igitur
1173 1099 1211 1164 in
1234 1097 1368 1165 Oceani

101 1258 104 1267 ‚
234 1190 454 1279 fundamento
476 1222 576 1291 stans,
598 1212 774 1299 Neptunus
796 1211 880 1276 ostio
901 1209 988 1277 fores
1004 1211 1145 1288 obdidit,
1167 1211 1289 1299 quibus
1309 1209 1366 1274 so·

233 1323 327 1389 ribus
354 1322 491 1389 obverse
522 1322 715 1391 Centimsni
747 1311 889 1405 θῶμοτοο
919 1322 1085 1390 habebant
1107 1309 1161 1387 ἐπ’
1190 1316 1365 1390 Ὠκεανοῖο

106 1542 110 1547 ¹
234 1423 398 1521 θεμέθλοις
422 1436 467 1527 (v.
492 1437 592 1522 sle).

276 1664 421 1732 Versum
441 1664 506 1729 728
525 1674 559 1728 et
581 1660 672 1727 infra
693 1685 748 1728 vv.
769 1665 833 1729 738
854 1686 942 1750 seqq.
965 1664 1149 1751 respiciunt
1167 1662 1365 1729 Aristoteles

233 1775 405 1841 Meteorol.
435 1775 478 1842 Π.
507 1778 536 1840 1.
558 1796 611 1862 pr.
633 1775 725 1840 etad
747 1796 827 1840 eum
852 1776 1018 1841 Alexand.
1042 1775 1221 1863 Aphrodis.
1242 1797 1279 1862 p.
1304 1777 1361 1841 91.

232 1886 499 1976 Olympiodorus
518 1908 552 1975 p.
579 1887 634 1953 28.
653 1882 706 1966 3.,
728 1887 863 1953 hicum
884 1888 1007 1953 diserta
1022 1888 1194 1954 mentione
1213 1888 1360 1955 Hesiodi.

231 2034 234 2039 Δ
276 2001 309 2067 Α
328 2022 425 2067 versu
446 1999 528 2066 inde
552 2000 616 2067 729
637 2021 720 2086 quae
735 2000 777 2065 ed
792 2023 825 2067 v.
848 2000 913 2066 745
930 2012 1131 2089 sequuntur,
1154 2001 1287 2089 Heynio
1308 2000 1363 2064 iu·

230 2113 321 2192 dice,
347 2112 471 2201 poesim
492 2111 707 2179 eser'ioribus
729 2112 905 2201 rhapsodis
925 2112 1130 2202 amplificata
1148 2136 1223 2192 esse,
1245 2113 1361 2201 suspi-

230 2226 301 2292 cari
318 2225 410 2305 licet,
427 2246 506 2291 cum
525 2223 724 2291 cohaereant
743 2234 880 2289 tanturn
898 2225 980 2303 ille,
1004 2224 1092 2313 quod
1114 2226 1271 2289 Tartarus
1291 2248 1363 2289 mu-

232 2362 268 2403 ro
301 2346 422 2403 cinctus
450 2349 514 2414 est,
540 2344 668 2425 eiusque
691 2336 872 2424 pinnacula
901 2336 1048 2401 tenebrae
1073 2335 1237 2420 obsident,
1261 2361 1362 2425 supra

231 2474 302 2515 eum
320 2473 393 2514 vero
417 2462 520 2513 terrae
533 2461 565 2512 et
581 2455 664 2512 mari
668 2447 887 2537 frodamma
905 2471 961 2512 seu
977 2456 1104 2514 termini
1115 2463 1190 2513 suot
1203 2455 1248 2532 (v.
1267 2453 1361 2533 728.)

230 2563 399 2651 eodemque
421 2569 455 2625 in
474 2559 542 2625 Ioco
558 2560 674 2627 'Noctis
696 2560 807 2624 domus
826 2543 860 2626 r.
889 2540 965 2628 744.
990 2562 1080 2640 745..
1099 2584 1160 2628 nec
1179 2563 1245 2628 nisi
1266 2586 1361 2629 mera

230 2674 386 2763 repetitio
421 2695 466 2739 ex
492 2671 720 2762 superioribus
747 2672 792 2738 sit
816 2672 855 2739 iu
878 2695 934 2742 vv.
958 2675 1146 2742 729-733.
1170 2677 1359 2742 736-744.

231 2787 426 2855 Dindorfius
447 2785 577 2852 diverse
595 2784 748 2851 carmine
763 2784 974 2852 diversorum
994 2800 1171 2854 auctorum
1186 2811 1362 2877 agnoscere

229 2901 296 2967 sibi
316 2899 407 2967 visus
431 2910 490 2966 est.
534 2899 693 2965 Primum
713 2919 848 2964 carmen
872 2899 914 2964 ab
930 2899 1070 2967 Hesiodo
1086 2900 1295 2989 profectum,
1319 2900 1364 2967 in'

229 3036 296 3102 quo
315 3035 429 3079 versus
450 3008 581 3078 fuerint
598 3013 785 3088 720-735,
809 3022 946 3099 excepto
965 3034 1063 3079 versu
1083 3014 1165 3091 731,
1181 3013 1265 3080 item
1283 3036 1361 3080 ver·

229 3149 285 3191 sus
316 3129 394 3194 820.
423 3126 504 3206 821;
535 3126 701 3204 ultorum,
738 3124 777 3189 in
807 3145 873 3212 quo
903 3146 1039 3191 versum
1069 3126 1134 3191 725
1165 3127 1361 3215 exceperint

231 3238 422 3318 740-7453
461 3236 624 3315 tertium,
652 3236 692 3302 in
717 3258 784 3324 quo
810 3248 887 3325 post
904 3237 1048 3304 eundem
1067 3260 1203 3305 versum
1227 3238 1360 3306 fuerint

229 3372 287 3417 vv.
310 3350 496 3416 teo-739.
518 3346 754 3446 (8077810.);
778 3360 950 3436 quartum,
972 3349 1059 3438 quod
1079 3350 1195 3416 eodem
1211 3352 1285 3417 looo
1300 3351 1360 3416 in·

164 3492 166 3497 ’
229 3463 412 3551 terpoletos
429 3460 588 3547 hebuerit
612 3482 668 3527 vv.
690 3463 886 3546 758-7663
914 3461 1091 3549 quintum,
1116 3463 1206 3550 quod
1228 3463 1357 3529 ibidem

190 3654 192 3657 ⁸
230 3598 287 3665 rr.
316 3573 510 3653 767-7743
539 3583 692 3652 sextum,
725 3574 764 3639 in
787 3574 916 3662 quode
947 3571 1048 3663 Styge
1067 3576 1176 3653 locus,
1206 3575 1357 3642 versibus

149 3764 152 3771 f
232 3690 424 3768 775-8063
445 3687 657 3776 septimum,
695 3688 734 3753 in
762 3710 828 3776 quo
861 3685 1134 3755 versusfuerint
1159 3691 1354 3769 811-8193

231 3813 403 3881 octavum,
425 3801 515 3888 quod
531 3810 609 3888 post
628 3822 660 3866 v.
676 3802 740 3867 733
754 3821 873 3887 'uersus
894 3798 1050 3866 habuerit
1064 3801 1250 3869 748-757,
1275 3801 1357 3867 Her·

231 3936 376 3981 manuus
400 3913 439 3979 in
465 3911 611 3980 Censura
638 3911 924 4007 Goettlingiauee,
946 3911 1204 4002 descriptionem
1221 3913 1366 3987 Tartari,

231 4048 300 4091 uon
319 4022 361 4090 ab
378 4046 448 4089 uno
467 4026 565 4113 po‘ete
588 4022 775 4112 profectam
795 4046 877 4105 esse,
901 4037 973 4091 tem
993 4026 1140 4114 liquere,
1161 4027 1227 4107 eit,
1251 4048 1354 4115 quem

230 4135 441 4224 Theogonise
472 4135 683 4225 prooemium
714 4158 759 4202 ex
791 4136 949 4225 pluribus
977 4137 1156 4226 prooemiis
1192 4133 1351 4204 constare.

234 4249 325 4315 ldem
356 4260 466 4315 autem
490 4246 657 4324 Dindorfii
688 4261 824 4352 conatus
845 4249 989 4316 diversas
1019 4248 1055 4315 iu
1076 4272 1112 4315 ee
1132 4249 1352 4338 descriptione
