2967 5209
455 537 488 583 ιιι
512 537 636 586 ursioni
661 539 874 589 ιιιιιοιιοιιιιιι.
1158 519 1230 593 209

100 707 287 795 Periegetae
306 708 485 796 praemissa
499 731 534 796 p.
558 710 588 775 4.
609 710 670 776 Ed.
692 709 809 800 steph.
829 734 862 799 p.
874 714 948 779 109.
963 712 1024 779 Ed.
1042 710 1154 779 Oxou.
1172 714 1228 779 sed

98 819 349 910 perstringendi
370 822 491 910 magis,
514 846 633 909 quam,
657 837 697 889 ut
718 848 780 914 par
803 837 889 905 erat,
914 828 1012 893 laude
1028 848 1228 915 prosequen-

100 934 138 999 di
160 934 283 1022 gratia.

149 1181 183 1226 v.
217 1159 291 1223 178.
321 1157 429 1224 Verba
462 1150 478 1222 ὁ
503 1147 534 1225 δ’
554 1147 593 1224 ἓν
612 1155 749 1252 λοχεοῖο
772 1151 854 1234 eeu
882 1166 1032 1230 citantur
1053 1165 1095 1229 ab
1116 1165 1229 1237 Schol.

104 1271 146 1339 A.
173 1272 214 1337 ad
235 1272 276 1338 ll.
300 1271 342 1336 Ψ.
368 1274 441 1338 160.
464 1295 499 1360 Ρ.
522 1275 610 1353 609..
633 1275 692 1340 ubi
713 1277 869 1357 traditur,
894 1301 969 1358 esse,
987 1291 1059 1371 uta
1082 1273 1231 1364 Φοιλεῦω,

101 1376 249 1470 φωλεὸς,
273 1385 319 1449 sic
333 1407 351 1448 a
363 1379 510 1473 λοχεῦοι,
533 1378 675 1477 λοχελς,
699 1390 823 1454 lectum
838 1401 950 1455 autem
973 1380 1111 1480 λοχέοιο
1130 1389 1231 1455 fuisse

102 1522 124 1563 a
153 1499 328 1587 pluribus,
358 1498 418 1583 qui
446 1521 508 1586 per
535 1502 768 1588 pleonasmum
796 1500 854 1565 τοῦ
874 1518 892 1566 ε
912 1503 1062 1591 positum
1083 1503 1231 1568 arbitra-

103 1622 226 1677 rentur
256 1634 319 1700 pro
340 1601 472 1700 λόχοιο.
518 1613 628 1678 Priori
658 1614 840 1680 sententiae
862 1612 1033 1681 faventem
1064 1614 1232 1682 Aristoni·

103 1747 186 1789 cum
202 1723 477 1823 Grammaticun
489 1719 626 1816 λοχεοῖο
649 1748 728 1790 cum
751 1712 869 1813 θυρεοῖο
883 1750 1089 1817 comparasse
1098 1726 1233 1793 Scholia

103 1837 148 1902 ad
170 1837 206 1902 h.
230 1839 255 1903 l.
280 1848 456 1903 testantur.
810 1884 814 1891 .

154 1937 298 2036 ὠρέξατο
321 1939 399 2037 (adu
424 1940 568 2037 Οὐρανοῦ
588 1938 729 2038 μηδέων)
751 1939 841 2039 χειρὶ
863 1945 964 2040 τααιῇ
987 1953 1011 2018 i.
1028 1975 1056 2018 e.
1081 1953 1234 2018 extendit

103 2084 138 2127 se
159 2084 266 2127 manu
287 2063 423 2127 sinistra
445 2085 558 2128 versus
577 2062 671 2130 Coeli
691 2063 862 2150 genitalia.
900 2066 958 2131 Est
980 2053 1149 2153 ὃρέγεοθοιι
1162 2087 1233 2130 me-

102 2174 204 2239 dium
228 2175 396 2239 extendere
414 2197 470 2256 se3
500 2164 669 2263 ιἰρέγεσθαι
694 2167 755 2240 τινὶ
780 2168 863 2246 τινός
885 2175 992 2271 aliqua
1013 2200 1047 2239 re
1074 2176 1124 2240 vel
1137 2189 1234 2264 pane

104 2295 250 2374 corporis
270 2288 437 2352 extendere
452 2311 486 2352 ae
506 2311 611 2351 versus
626 2287 757 2376 aliquid.
782 2287 883 2358 Conf.
904 2288 944 2354 Il.
970 2286 1009 2354 Δ.
1025 2290 1102 2355 807.
1118 2290 1160 2354 Ψ.
1177 2291 1231 2354 99.

150 2536 183 2578 v.
214 2515 277 2579 179
304 2513 428 2579 citatur
457 2512 536 2578 inde
565 2535 583 2577 a
605 2498 751 2600 δεξιτερῇ
773 2535 851 2578 cum
873 2514 1003 2579 duobus
1023 2514 1235 2602 sequentibus

103 2626 149 2691 ab
172 2628 288 2713 Etym.
312 2626 359 2691 M.
383 2649 415 2692 v.
440 2612 528 2712 ipen
549 2649 583 2713 p.
606 2625 756 2690 14825.
803 2625 954 2714 Respicit
970 2627 1083 2691 locum
1102 2627 1234 2692 Plutar-

100 2739 190 2811 ,chus
212 2737 345 2826 Quaest.
369 2741 468 2806 Rom.
495 2741 547 2807 42.
569 2762 604 2831 p.
629 2741 705 2805 275.
719 2738 773 2818 Α..
797 2738 857 2804 ubi
880 2739 918 2803 in
936 2740 1153 2805 memorando
1172 2762 1236 2804 usu

103 2845 166 2932 τῆς
199 2851 258 2915 τοῦ
291 2843 404 2939 Κρόνου
439 2839 544 2940 ἅρπαι
577 2852 718 2918 Hesiodo
743 2838 950 2918 obsecutum
968 2853 1052 2917 dicit
1074 2853 1235 2917 Antima-

57 2967 60 2972 ’
102 2965 223 3033 chum.
260 2967 298 3032 In
318 2967 430 3032 eadem
446 2988 483 3030 re
505 2961 663 3065 προτέρων
681 2954 760 3035 ἐ’πος
774 2975 939 3030 memorat
949 2964 1109 3063 Apolion.
1122 2963 1233 3030 Rhod.

103 3082 165 3149 lv.
188 3083 265 3149 985.

149 3332 184 3374 v.
199 3309 274 3373 180.
298 3296 377 3377 τοὺς
398 3299 510 3399 ὄρχεις
531 3305 713 3373 Hesiodum
733 3305 975 3394 inTheogcnia
990 3291 1097 3389 naides
1110 3305 1235 3372 dixisse

103 3432 213 3499 notat,
232 3419 325 3485 hunc
338 3441 490 3500 versum,
510 3422 564 3486 vel
582 3417 674 3487 infra
693 3440 726 3485 v.
737 3420 800 3486 188
817 3418 1012 3506 respiciens,
1039 3418 1235 3484 Eustuthius

104 3535 145 3600 ad
170 3535 215 3601 Il.
233 3558 270 3623 p.
292 3538 368 3602 234.
385 3538 442 3602 82.
486 3539 649 3603 Extrema
667 3545 780 3599 autem
800 3534 902 3599 huius
924 3555 1036 3600 versus
1056 3545 1090 3599 et
1107 3534 1235 3621 princi-

104 3650 205 3738 pium
226 3651 391 3737 sequentis
409 3651 545 3740 respicit
565 3650 700 3716 Procius
714 3648 752 3713 in
763 3647 1014 3714 Commentario
1037 3645 1236 3711 adPlntonis

105 3749 277 3828 πολιτείαν
308 3786 344 3851 Ρ.
367 3766 442 3830 368.
465 3766 560 3843 371.,
590 3762 682 3827 inter
708 3772 860 3826 veterum
891 3762 1068 3848 potiturum
1096 3757 1235 3844 mythos

104 3897 296 3942 memorans
317 3869 463 3963 πατέρων
487 3864 635 3960 ἔντιμος
656 3886 691 3939 et
713 3865 856 3959 Οὐρανοῦ
880 3857 1000 3957 τομάς.

148 4128 182 4170 ν.
211 4105 287 4170 181.
319 4089 422 4167 πάλιν
450 4098 522 4166 fere
550 4099 649 4165 idem·
673 4099 778 4177 valet,
808 4094 897 4183 quod
919 4114 1055 4181 sequens
1077 4078 1232 4173 ἔξοπιτιι.

107 4216 239 4283 Cronus
260 4227 381 4281 resecta
403 4215 509 4303 patris
531 4214 691 4302 genitalia
705 4232 837 4299 ponese
856 4207 976 4274 abiecit
989 4206 1027 4271 in
1047 4228 1151 4286 mure,
1166 4229 1234 4294 quo

108 4352 201 4407 more
233 4329 367 4418 piacula
396 4327 497 4394 obiici
526 4328 650 4392 solent:
674 4325 747 4402 sed,
768 4344 845 4387 cum
868 4321 914 4386 sic
938 4318 1110 4387 ferrentur
1132 4342 1233 4408 supra

1043 4429 1089 4504 14
