2967 5209
479 489 511 536 rr
537 486 662 536 uastum
687 486 901 535 rnaosunnn.
1182 462 1254 538 237

124 667 168 721 ut
181 677 314 745 spumas
333 668 466 745 agerent
483 671 517 724 et
528 679 667 747 magnae
683 656 824 723 subinde
841 668 1005 723 terrorem
1023 653 1180 737 facerent,
1195 681 1255 747 po·
1364 652 1369 660 ’

123 770 194 836 tius
209 770 387 859 repetenda
403 773 514 839 omnis
531 772 613 838 haec
629 772 751 838 Phorci
773 770 874 859 stirps
896 769 1031 837 videtur
1052 793 1071 835 a
1091 772 1256 838 narratio·

122 884 226 951 nibus
246 882 474 966 Phoenicum,
500 887 576 973 qui,
602 887 719 953 littora
737 884 863 953 Oceani
879 886 1043 973 legentes,
1062 887 1119 951 vel
1136 886 1258 975 phocas

125 997 250 1064 aliasve
273 996 466 1063 huiusmodi
491 996 619 1063 belluas
636 997 795 1078 marinas,
814 997 869 1063 vel
892 996 985 1062 varia
1010 996 1186 1062 simiarum
1198 1021 1260 1087 ge·

125 1132 229 1188 nera,
256 1110 311 1175 vel
339 1109 498 1175 mulieres
523 1110 602 1175 adeo
626 1106 777 1176 viderint
801 1108 1020 1174 mirationem
1035 1093 1181 1197 ¹aspectu
1206 1108 1259 1175 fa-

125 1222 267 1299 cientes,
291 1219 330 1286 in
348 1218 482 1288 Africae
509 1223 646 1309 quidem
666 1220 903 1288 transfretum
924 1220 1127 1287 Hemuleum
1143 1221 1261 1289 littore

126 1332 289 1422 Nigrities
308 1333 408 1420 nigro
430 1334 605 1422 crispoque
627 1333 810 1421 capillitio,
836 1333 875 1398 in
893 1331 1085 1398 Borealibus
1109 1333 1261 1422 Europae

126 1446 239 1536 plagis
267 1443 388 1512 Celtici
417 1446 546 1533 generis
573 1444 716 1512 feminas
746 1432 785 1513 ἔκ
808 1437 944 1535 *γενετῆς
968 1434 1089 1515 πολιὰς
1111 1444 1156 1535 (v.
1182 1441 1260 1532 271)

126 1558 256 1647 quippe
276 1557 399 1651 quibus
418 1558 590 1626 admixtae
604 1561 777 1648 parvulae,
791 1559 940 1626 similem
957 1557 1108 1624 crinium
1116 1559 1262 1624 colorem

129 1672 338 1751 exhibentes,
362 1694 440 1738 eum
458 1684 598 1738 naturae
616 1696 687 1739 non
707 1673 886 1739 senectutis
904 1694 970 1738 esse
984 1673 1262 1737 demonstrarent.

128 1784 212 1853 Sive
232 1796 343 1851 autem
365 1784 489 1851 Graeae
505 1807 618 1874 reapse
641 1785 800 1851 mulieres
824 1783 980 1862 fuerunt,
1001 1783 1072 1850 sive
1089 1805 1134 1848 ex
1150 1783 1264 1871 aliquo

130 1899 175 1965 de
197 1897 392 1964 memoratis
413 1920 512 1986 supra
532 1897 627 1964 mihi
641 1919 773 1985 ‘'genere
790 1897 926 1977 bestiae,
952 1898 1023 1965 sive
1042 1898 1179 1986 aliquod
1200 1919 1266 1991 na·

131 2022 231 2076 turae
252 2000 466 2096 φοοινομενον,
488 2009 631 2076 feminas
655 2010 734 2075 inde
755 2021 853 2097 atque
872 2011 952 2076 adeo
969 2011 1051 2076 Deas
1069 2012 1186 2098 poetae
1201 2007 1267 2074 sibi

132 2119 381 2202 informarunt,
394 2122 613 2210 quamobrem
631 2123 733 2190 etiam
754 2122 904 2211 epitheta
917 2124 961 2188 iis
977 2122 1172 2190 tribuerunt
1190 2145 1267 2189 mu·

133 2234 277 2301 lieribus
307 2258 343 2301 ac
372 2236 502 2302 Deabus
534 2235 779 2302 convenientia.
824 2234 914 2323 Quas
945 2236 1103 2302 Hesiodus
1125 2227 1268 2324 spatae,

134 2369 190 2414 eas
210 2371 230 2414 a
250 2360 345 2436 patre
373 2337 531 2438 Φορκὶλοοι
561 2348 678 2414 dixere
708 2349 893 2437 Aeschylus
919 2350 958 2416 in
988 2350 1100 2421 Prom,
1132 2372 1165 2416 v.
1190 2350 1266 2414 819.

136 2462 298 2551 Apollod.
322 2462 349 2528 1.
370 2463 414 2528 ΙΙ.
436 2465 467 2530 6.
491 2463 536 2528 11.
556 2462 614 2531 IV.
631 2465 665 2529 2.
684 2463 755 2530 alii.

183 2573 283 2660 Quod
305 2566 550 2664 κοιλλινουρῇους
571 2574 663 2640 dixit
678 2574 849 2656 Hesiodus,
862 2577 1000 2656 indicat,
1019 2598 1072 2642 eas
1084 2575 1150 2641 sibi
1164 2575 1270 2641 illum

136 2685 338 2753 informasse
353 2712 424 2755 non
439 2684 578 2767 vetulas,
594 2689 649 2753 sed
663 2675 702 2754 ἔκ
716 2682 863 2779 γενετῆς,
878 2691 1072 2756 vetularum
1080 2690 1196 2768 instar,
1207 2689 1271 2755 hoc

139 2799 300 2869 habentes
309 2847 319 2879 ,
337 2802 425 2887 quod
444 2814 540 2868 eram
560 2794 684 2868 πολιαί.
721 2801 775 2869 Ab
795 2801 859 2867 hoc
879 2802 1030 2867 crinium
1050 2803 1161 2868 colore
1181 2791 1271 2888 κόροιο

141 2900 363 3000 κυκνόμορφοι
385 2914 492 2981 dictae
514 2900 683 3002 Aeschylo
704 2915 731 2982 l.
755 2936 784 2979 c.

189 3161 222 3207 v.
250 3139 313 3206 271
341 3163 406 3229 seq.
441 3128 507 3210 rita
535 3127 575 3220 dis
597 3129 715 3227 Γριιὶοιι
734 3129 907 3206 καλέουσιν
928 3127 1108 3208 ’Alanoi
1130 3156 1167 3204 τε
1189 3128 1273 3222 θεολ,

143 3242 267 3343 xalta)
288 3238 463 3343 ἐρχόμενοί
485 3243 518 3315 τ’
541 3239 715 3339 ἅνθρωποι)
736 3273 817 3341 quas
841 3276 910 3318 non
939 3254 1007 3319 alio
1035 3254 1173 3321 nomine
1197 3253 1273 3334 Dii,

144 3364 216 3434 sive
234 3364 405 3452 antiquius
421 3366 607 3444 saeculum,
631 3364 699 3431 alio
717 3366 883 3431 recentior
905 3366 1087 3440 hominum
1108 3377 1194 3433 aetas
1213 3367 1276 3434 ad-

145 3476 307 3567 pellavit3
341 3477 397 3542 sed
424 3499 504 3564 quas
521 3478 563 3543 ab
585 3478 682 3543 omni
702 3500 782 3545 aevo
804 3470 921 3566 Γροιὶυι
943 3479 1116 3546 dixerunt.
1162 3480 1276 3545 Decla-

148 3603 244 3657 ratur
265 3589 338 3670 his,
365 3591 403 3655 ni
429 3591 550 3669 fallor,
576 3593 692 3682 mythi
712 3591 913 3679 antiquitas,
935 3595 1030 3659 cuius
1053 3606 1167 3660 tamen
1187 3593 1277 3680 apud
1343 3584 1360 3675 ’-

150 3701 337 3769 Homerum
358 3702 522 3768 memoria
543 3727 614 3770 non
635 3715 755 3771 exstat.

196 3951 231 3994 v.
264 3926 341 3992 273.
382 3915 546 4014 Πεφρνλώ
576 3921 610 3991 τ’
642 3920 806 3995 adsentor
840 3921 937 3994 Ἐνύιο
969 3946 1009 3993 τε
1041 3921 1280 4020 κροκόπεπλον)

153 4037 289 4108 Duabus
309 4037 365 4103 hio
384 4036 425 4102 ab
444 4037 585 4104 Hesiodo
601 4041 795 4107 memoratis
815 4040 930 4108 Graeis
947 4043 1048 4108 tertia
1069 4034 1168 4109 Δεινέο
1189 4046 1281 4111 addi-

107 4178 112 4185 κ
155 4165 214 4218 tur
237 4130 326 4239 apua
357 4147 516 4238 sparsa.
546 4150 590 4217 11.
618 4151 677 4220 tv.
704 4154 736 4220 2.
784 4154 865 4219 nes
882 4155 985 4220 otiam
1006 4155 1193 4244 satyrus
1213 4158 1282 4223 tam

157 4275 297 4333 noverat
319 4263 345 4328 1.
374 4286 422 4343 o.,
449 4285 555 4351 neque
581 4276 695 4331 tamen
719 4266 801 4332 hinc
818 4290 896 4333 cum
916 4267 1125 4357 Goettlingio
1148 4270 1283 4359 oolligas
