<?xml version="1.0" encoding="UTF-8"?>
<!DOCTYPE html PUBLIC "-//W3C//DTD XHTML 1.0 Transitional//EN"
    "http://www.w3.org/TR/xhtml1/DTD/xhtml1-transitional.dtd">
<html xmlns="http://www.w3.org/1999/xhtml" xml:lang="en" lang="en">
 <head>
  <title>
</title>
<meta http-equiv="Content-Type" content="text/html;charset=utf-8" />
  <meta name='ocr-system' content='tesseract 3.04.00' />
  <meta name='ocr-capabilities' content='ocr_page ocr_carea ocr_par ocr_line ocrx_word'/>
</head>
<body>
  <div class='ocr_page' id='page_1' title='image "./hesioditheogoni00lenngoog_0341.png"; bbox 0 0 2967 5209; ppageno 0'>
   <div class='ocr_carea' id='block_1_1' title="bbox 478 511 1254 589">
    <p class='ocr_par' dir='ltr' id='par_1_1' title="bbox 478 511 1254 589">
     <span class='ocr_line' id='line_1_1' title="bbox 478 511 1254 589; baseline -0.001 -3"><span class='ocrx_word' id='word_1_1' title='bbox 478 540 511 588; x_wconf 76' lang='lat' dir='ltr'>ur</span> <span class='ocrx_word' id='word_1_2' title='bbox 535 540 661 589; x_wconf 75' lang='lat' dir='ltr'>ansioni</span> <span class='ocrx_word' id='word_1_3' title='bbox 684 534 899 589; x_wconf 79' lang='lat' dir='ltr'>rnaooornu.</span> <span class='ocrx_word' id='word_1_4' title='bbox 1182 511 1254 585; x_wconf 82' lang='lat'>297</span> 
     </span>
    </p>
   </div>
   <div class='ocr_carea' id='block_1_2' title="bbox 120 682 1256 913">
    <p class='ocr_par' dir='ltr' id='par_1_2' title="bbox 120 680 1256 913">
     <span class='ocr_line' id='line_1_2' title="bbox 120 682 1254 801; baseline -0.003 -24"><span class='ocrx_word' id='word_1_5' title='bbox 120 732 246 777; x_wconf 83' lang='lat' dir='ltr'>earum</span> <span class='ocrx_word' id='word_1_6' title='bbox 272 710 375 775; x_wconf 86' lang='lat' dir='ltr'>matri</span> <span class='ocrx_word' id='word_1_7' title='bbox 401 712 553 778; x_wconf 81' lang='lat' dir='ltr'>Ple‘r&#39;onae</span> <span class='ocrx_word' id='word_1_8' title='bbox 580 713 662 800; x_wconf 90' lang='lat' dir='ltr'>(vid.</span> <span class='ocrx_word' id='word_1_9' title='bbox 687 713 844 801; x_wconf 82' lang='lat' dir='ltr'>Apollod.</span> <span class='ocrx_word' id='word_1_10' title='bbox 873 710 933 778; x_wconf 87' lang='grc' dir='ltr'><strong>ΙΙΙ.</strong></span> <span class='ocrx_word' id='word_1_11' title='bbox 959 711 1002 776; x_wconf 82' lang='grc' dir='ltr'>Χ.</span> <span class='ocrx_word' id='word_1_12' title='bbox 1029 708 1075 797; x_wconf 90' lang='lat'>1)</span> <span class='ocrx_word' id='word_1_13' title='bbox 1086 682 1103 788; x_wconf 54' lang='lat'>,⁶-</span> <span class='ocrx_word' id='word_1_14' title='bbox 1132 732 1254 776; x_wconf 88' lang='lat' dir='ltr'>nomen</span> 
     </span>
     <span class='ocr_line' id='line_1_3' title="bbox 120 819 1256 913; baseline -0.002 -25"><span class='ocrx_word' id='word_1_15' title='bbox 120 824 218 888; x_wconf 86' lang='lat' dir='ltr'>haud</span> <span class='ocrx_word' id='word_1_16' title='bbox 240 823 342 889; x_wconf 89' lang='lat' dir='ltr'>dubie</span> <span class='ocrx_word' id='word_1_17' title='bbox 361 822 489 893; x_wconf 87' lang='lat' dir='ltr'>factum</span> <span class='ocrx_word' id='word_1_18' title='bbox 509 836 557 891; x_wconf 87' lang='lat' dir='ltr'>est</span> <span class='ocrx_word' id='word_1_19' title='bbox 576 849 596 890; x_wconf 88' lang='lat' dir='ltr'>a</span> <span class='ocrx_word' id='word_1_20' title='bbox 618 819 711 890; x_wconf 78' lang='grc' dir='ltr'><strong><em>πλεῖν</em></strong></span> <span class='ocrx_word' id='word_1_21' title='bbox 733 832 903 913; x_wconf 80' lang='lat' dir='ltr'>navigare.</span> <span class='ocrx_word' id='word_1_22' title='bbox 951 823 1063 909; x_wconf 90' lang='lat' dir='ltr'>Itaque</span> <span class='ocrx_word' id='word_1_23' title='bbox 1081 835 1151 888; x_wconf 83' lang='lat' dir='ltr'>tam</span> <span class='ocrx_word' id='word_1_24' title='bbox 1166 823 1256 902; x_wconf 88' lang='lat' dir='ltr'>inde,</span> 
     </span>
    </p>
   </div>
   <div class='ocr_carea' id='block_1_3' title="bbox 8 934 1259 1254">
    <p class='ocr_par' dir='ltr' id='par_1_3' title="bbox 8 934 1259 1254">
     <span class='ocr_line' id='line_1_4' title="bbox 8 934 1256 1026; baseline -0.004 -22"><span class='ocrx_word' id='word_1_25' title='bbox 8 971 9 1004; x_wconf 71' lang='lat' dir='ltr'>i</span> <span class='ocrx_word' id='word_1_26' title='bbox 119 959 229 1021; x_wconf 89' lang='lat' dir='ltr'>quam</span> <span class='ocrx_word' id='word_1_27' title='bbox 246 960 290 1002; x_wconf 83' lang='lat' dir='ltr'>ex</span> <span class='ocrx_word' id='word_1_28' title='bbox 301 937 446 1003; x_wconf 82' lang='lat' dir='ltr'><strong>Homero</strong></span> <span class='ocrx_word' id='word_1_29' title='bbox 467 939 586 1026; x_wconf 87' lang='lat' dir='ltr'>liquet,</span> <span class='ocrx_word' id='word_1_30' title='bbox 600 952 746 1006; x_wconf 88' lang='lat' dir='ltr'>veterem</span> <span class='ocrx_word' id='word_1_31' title='bbox 768 939 810 1005; x_wconf 93' lang='lat' dir='ltr'>de</span> <span class='ocrx_word' id='word_1_32' title='bbox 825 939 961 1004; x_wconf 85' lang='lat' dir='ltr'>Atlante</span> <span class='ocrx_word' id='word_1_33' title='bbox 977 934 1130 1002; x_wconf 85' lang='lat' dir='ltr'>fabulam</span> <span class='ocrx_word' id='word_1_34' title='bbox 1155 937 1256 1001; x_wconf 86' lang='lat' dir='ltr'>etiam</span> 
     </span>
     <span class='ocr_line' id='line_1_5' title="bbox 8 1039 1257 1138; baseline 0.001 -25"><span class='ocrx_word' id='word_1_35' title='bbox 8 1039 9 1080; x_wconf 53' lang='lat' dir='ltr'>l</span> <span class='ocrx_word' id='word_1_36' title='bbox 49 1063 51 1066; x_wconf 54' lang='lat'><em>⁴</em></span> <span class='ocrx_word' id='word_1_37' title='bbox 121 1051 215 1114; x_wconf 91' lang='lat' dir='ltr'>hanc</span> <span class='ocrx_word' id='word_1_38' title='bbox 237 1048 349 1129; x_wconf 83' lang='lat' dir='ltr'>fuisse,</span> <span class='ocrx_word' id='word_1_39' title='bbox 366 1040 547 1138; x_wconf 88' lang='lat' dir='ltr'>quaillum</span> <span class='ocrx_word' id='word_1_40' title='bbox 563 1054 709 1117; x_wconf 86' lang='lat' dir='ltr'>siderum</span> <span class='ocrx_word' id='word_1_41' title='bbox 730 1051 995 1118; x_wconf 88' lang='lat' dir='ltr'>observationem</span> <span class='ocrx_word' id='word_1_42' title='bbox 1015 1061 1049 1114; x_wconf 90' lang='lat' dir='ltr'>et</span> <span class='ocrx_word' id='word_1_43' title='bbox 1064 1049 1257 1115; x_wconf 88' lang='lat' dir='ltr'>coelestium</span> 
     </span>
     <span class='ocr_line' id='line_1_6' title="bbox 8 1161 1259 1254; baseline -0.001 -28"><span class='ocrx_word' id='word_1_44' title='bbox 8 1207 9 1250; x_wconf 48' lang='grc' dir='ltr'><strong><em>ρ</em></strong></span> <span class='ocrx_word' id='word_1_45' title='bbox 121 1185 245 1228; x_wconf 85' lang='lat' dir='ltr'>rerum</span> <span class='ocrx_word' id='word_1_46' title='bbox 259 1164 484 1251; x_wconf 72' lang='lat' dir='ltr'>cognitionem</span> <span class='ocrx_word' id='word_1_47' title='bbox 497 1165 650 1252; x_wconf 89' lang='lat' dir='ltr'>primum</span> <span class='ocrx_word' id='word_1_48' title='bbox 661 1168 701 1230; x_wconf 90' lang='lat' dir='ltr'>ad</span> <span class='ocrx_word' id='word_1_49' title='bbox 715 1164 951 1254; x_wconf 79' lang='lat' dir='ltr'>geographiam</span> <span class='ocrx_word' id='word_1_50' title='bbox 962 1174 996 1228; x_wconf 91' lang='lat' dir='ltr'>et</span> <span class='ocrx_word' id='word_1_51' title='bbox 1004 1185 1077 1227; x_wconf 85' lang='lat' dir='ltr'>rem</span> <span class='ocrx_word' id='word_1_52' title='bbox 1088 1161 1259 1227; x_wconf 78' lang='lat' dir='ltr'>nauticam</span> 
     </span>
    </p>
   </div>
   <div class='ocr_carea' id='block_1_4' title="bbox 119 1242 1387 1363">
    <p class='ocr_par' dir='ltr' id='par_1_4' title="bbox 119 1242 1387 1363">
     <span class='ocr_line' id='line_1_7' title="bbox 119 1242 1387 1363; baseline -0.002 -22"><span class='ocrx_word' id='word_1_53' title='bbox 119 1275 321 1341; x_wconf 67' lang='lat' dir='ltr'>adhibuisse</span> <span class='ocrx_word' id='word_1_54' title='bbox 339 1276 572 1363; x_wconf 70' lang='lat' dir='ltr'>perhibebant.</span> <span class='ocrx_word' id='word_1_55' title='bbox 595 1279 674 1347; x_wconf 78' lang='lat' dir='ltr'>vn.</span> <span class='ocrx_word' id='word_1_56' title='bbox 699 1279 800 1344; x_wconf 70' lang='lat' dir='ltr'>una.</span> <span class='ocrx_word' id='word_1_57' title='bbox 824 1276 889 1344; x_wconf 73' lang='lat' dir='ltr'>sic.</span> <span class='ocrx_word' id='word_1_58' title='bbox 917 1276 978 1343; x_wconf 85' lang='lat'>111.</span> <span class='ocrx_word' id='word_1_59' title='bbox 1003 1278 1057 1342; x_wconf 82' lang='lat' dir='ltr'>ao.</span> <span class='ocrx_word' id='word_1_60' title='bbox 1081 1275 1206 1363; x_wconf 71' lang='lat' dir='ltr'>virgo.</span> <span class='ocrx_word' id='word_1_61' title='bbox 1233 1275 1259 1340; x_wconf 91' lang='lat'>1.</span> <span class='ocrx_word' id='word_1_62' title='bbox 1380 1242 1387 1261; x_wconf 84' lang='lat'><em>&#39;</em></span> 
     </span>
    </p>
   </div>
   <div class='ocr_carea' id='block_1_5' title="bbox 121 1388 1269 3261">
    <p class='ocr_par' dir='ltr' id='par_1_5' title="bbox 121 1388 1269 3261">
     <span class='ocr_line' id='line_1_8' title="bbox 122 1388 1262 1478; baseline -0.003 -23"><span class='ocrx_word' id='word_1_63' title='bbox 122 1394 213 1455; x_wconf 87' lang='lat' dir='ltr'>Aen.</span> <span class='ocrx_word' id='word_1_64' title='bbox 236 1389 299 1453; x_wconf 82' lang='lat'>741</span> <span class='ocrx_word' id='word_1_65' title='bbox 318 1411 403 1476; x_wconf 87' lang='lat' dir='ltr'><strong>seqq.</strong></span> <span class='ocrx_word' id='word_1_66' title='bbox 425 1388 497 1478; x_wconf 89' lang='lat' dir='ltr'>(ubi</span> <span class='ocrx_word' id='word_1_67' title='bbox 512 1390 671 1478; x_wconf 86' lang='lat' dir='ltr'>magister</span> <span class='ocrx_word' id='word_1_68' title='bbox 689 1392 784 1458; x_wconf 78' lang='lat' dir='ltr'>Atlas</span> <span class='ocrx_word' id='word_1_69' title='bbox 801 1388 903 1455; x_wconf 88' lang='lat' dir='ltr'>fuisse</span> <span class='ocrx_word' id='word_1_70' title='bbox 922 1391 1020 1477; x_wconf 88' lang='lat' dir='ltr'>Iopae</span> <span class='ocrx_word' id='word_1_71' title='bbox 1038 1389 1175 1467; x_wconf 88' lang='lat' dir='ltr'>dicitur,</span> <span class='ocrx_word' id='word_1_72' title='bbox 1192 1411 1262 1452; x_wconf 89' lang='lat' dir='ltr'>nou</span> 
     </span>
     <span class='ocr_line' id='line_1_9' title="bbox 121 1499 1262 1591; baseline -0.002 -24"><span class='ocrx_word' id='word_1_73' title='bbox 121 1499 266 1578; x_wconf 71' lang='lat' dir='ltr'>cantus,</span> <span class='ocrx_word' id='word_1_74' title='bbox 289 1502 343 1566; x_wconf 91' lang='lat' dir='ltr'>sed</span> <span class='ocrx_word' id='word_1_75' title='bbox 366 1503 561 1568; x_wconf 89' lang='lat' dir='ltr'>coelestium</span> <span class='ocrx_word' id='word_1_76' title='bbox 583 1525 711 1583; x_wconf 88' lang='lat' dir='ltr'>rerum,</span> <span class='ocrx_word' id='word_1_77' title='bbox 735 1502 921 1591; x_wconf 85' lang='lat' dir='ltr'>dequibus</span> <span class='ocrx_word' id='word_1_78' title='bbox 943 1502 1167 1591; x_wconf 90' lang='lat' dir='ltr'>Iopascanit)</span> <span class='ocrx_word' id='word_1_79' title='bbox 1194 1501 1262 1566; x_wconf 90' lang='lat' dir='ltr'>Pli-</span> 
     </span>
     <span class='ocr_line' id='line_1_10' title="bbox 122 1596 1262 1703; baseline 0.002 -24"><span class='ocrx_word' id='word_1_80' title='bbox 122 1615 205 1679; x_wconf 87' lang='lat' dir='ltr'>nius</span> <span class='ocrx_word' id='word_1_81' title='bbox 230 1614 272 1680; x_wconf 90' lang='grc' dir='ltr'>Η.</span> <span class='ocrx_word' id='word_1_82' title='bbox 297 1614 338 1680; x_wconf 90' lang='grc' dir='ltr'>Ν.</span> <span class='ocrx_word' id='word_1_83' title='bbox 363 1614 405 1680; x_wconf 89' lang='grc' dir='ltr'>ΙΙ.</span> <span class='ocrx_word' id='word_1_84' title='bbox 433 1618 465 1682; x_wconf 87' lang='lat'>8.</span> <span class='ocrx_word' id='word_1_85' title='bbox 487 1615 563 1683; x_wconf 83' lang='lat' dir='ltr'>Vll.</span> <span class='ocrx_word' id='word_1_86' title='bbox 592 1618 645 1681; x_wconf 81' lang='lat'>56.</span> <span class='ocrx_word' id='word_1_87' title='bbox 671 1596 780 1683; x_wconf 87' lang='lat' dir='ltr'>Clem.</span> <span class='ocrx_word' id='word_1_88' title='bbox 802 1617 901 1683; x_wconf 81' lang='lat' dir='ltr'>Alex.</span> <span class='ocrx_word' id='word_1_89' title='bbox 924 1614 1048 1682; x_wconf 88' lang='lat' dir='ltr'>Strom.</span> <span class='ocrx_word' id='word_1_90' title='bbox 1072 1616 1099 1680; x_wconf 90' lang='lat'>1.</span> <span class='ocrx_word' id='word_1_91' title='bbox 1121 1638 1156 1703; x_wconf 88' lang='lat' dir='ltr'>p.</span> <span class='ocrx_word' id='word_1_92' title='bbox 1187 1615 1262 1681; x_wconf 60' lang='lat'>132,</span> 
     </span>
     <span class='ocr_line' id='line_1_11' title="bbox 123 1727 1264 1817; baseline -0.001 -23"><span class='ocrx_word' id='word_1_93' title='bbox 123 1727 223 1795; x_wconf 85' lang='lat' dir='ltr'>Serv.</span> <span class='ocrx_word' id='word_1_94' title='bbox 247 1730 288 1794; x_wconf 87' lang='lat' dir='ltr'>ad</span> <span class='ocrx_word' id='word_1_95' title='bbox 309 1728 433 1817; x_wconf 90' lang='lat' dir='ltr'>Virgil.</span> <span class='ocrx_word' id='word_1_96' title='bbox 464 1731 490 1796; x_wconf 90' lang='lat' dir='ltr'>l.</span> <span class='ocrx_word' id='word_1_97' title='bbox 516 1752 546 1797; x_wconf 89' lang='lat' dir='ltr'>c.</span> <span class='ocrx_word' id='word_1_98' title='bbox 590 1729 692 1807; x_wconf 84' lang='lat' dir='ltr'>Erat,</span> <span class='ocrx_word' id='word_1_99' title='bbox 715 1728 876 1794; x_wconf 82' lang='lat' dir='ltr'>Pausania</span> <span class='ocrx_word' id='word_1_100' title='bbox 900 1740 981 1796; x_wconf 88' lang='lat' dir='ltr'>teste</span> <span class='ocrx_word' id='word_1_101' title='bbox 1006 1727 1065 1794; x_wconf 83' lang='lat' dir='ltr'>lx.</span> <span class='ocrx_word' id='word_1_102' title='bbox 1090 1730 1158 1807; x_wconf 71' lang='lat'>20,</span> <span class='ocrx_word' id='word_1_103' title='bbox 1175 1729 1264 1815; x_wconf 92' lang='lat' dir='ltr'>apud</span> 
     </span>
     <span class='ocr_line' id='line_1_12' title="bbox 126 1840 1265 1932; baseline -0.004 -24"><span class='ocrx_word' id='word_1_104' title='bbox 126 1845 320 1932; x_wconf 80' lang='lat' dir='ltr'>Tanagram</span> <span class='ocrx_word' id='word_1_105' title='bbox 350 1844 391 1910; x_wconf 91' lang='lat' dir='ltr'>ad</span> <span class='ocrx_word' id='word_1_106' title='bbox 417 1866 511 1909; x_wconf 87' lang='lat' dir='ltr'>mare</span> <span class='ocrx_word' id='word_1_107' title='bbox 538 1844 645 1920; x_wconf 87' lang='lat' dir='ltr'>vicus,</span> <span class='ocrx_word' id='word_1_108' title='bbox 677 1844 818 1909; x_wconf 90' lang='lat' dir='ltr'>Poloson</span> <span class='ocrx_word' id='word_1_109' title='bbox 845 1843 971 1921; x_wconf 87' lang='lat' dir='ltr'>dictus,</span> <span class='ocrx_word' id='word_1_110' title='bbox 997 1841 1056 1906; x_wconf 90' lang='lat' dir='ltr'>ubi</span> <span class='ocrx_word' id='word_1_111' title='bbox 1084 1840 1265 1906; x_wconf 82' lang='lat' dir='ltr'>consedisse</span> 
     </span>
     <span class='ocr_line' id='line_1_13' title="bbox 124 1954 1265 2041; baseline -0.005 -19"><span class='ocrx_word' id='word_1_112' title='bbox 124 1958 213 2022; x_wconf 91' lang='lat' dir='ltr'>olim</span> <span class='ocrx_word' id='word_1_113' title='bbox 236 1959 331 2024; x_wconf 87' lang='lat' dir='ltr'>Atlas</span> <span class='ocrx_word' id='word_1_114' title='bbox 354 1956 534 2034; x_wconf 86' lang='lat' dir='ltr'>serebatur,</span> <span class='ocrx_word' id='word_1_115' title='bbox 558 1956 656 2022; x_wconf 88' lang='lat' dir='ltr'>rebus</span> <span class='ocrx_word' id='word_1_116' title='bbox 678 1955 874 2021; x_wconf 88' lang='lat' dir='ltr'>coelestibus</span> <span class='ocrx_word' id='word_1_117' title='bbox 896 1978 933 2020; x_wconf 85' lang='lat' dir='ltr'>ac</span> <span class='ocrx_word' id='word_1_118' title='bbox 950 1954 1172 2019; x_wconf 83' lang='lat' dir='ltr'>subterraneis</span> <span class='ocrx_word' id='word_1_119' title='bbox 1191 1975 1265 2041; x_wconf 89' lang='lat' dir='ltr'>per·</span> 
     </span>
     <span class='ocr_line' id='line_1_14' title="bbox 125 2067 1265 2155; baseline -0.004 -21"><span class='ocrx_word' id='word_1_120' title='bbox 125 2069 319 2134; x_wconf 84' lang='lat' dir='ltr'>scrutandis</span> <span class='ocrx_word' id='word_1_121' title='bbox 344 2068 510 2146; x_wconf 85' lang='lat' dir='ltr'>intentus,</span> <span class='ocrx_word' id='word_1_122' title='bbox 544 2091 628 2155; x_wconf 91' lang='lat' dir='ltr'>quae</span> <span class='ocrx_word' id='word_1_123' title='bbox 651 2067 790 2132; x_wconf 88' lang='lat' dir='ltr'>traditio</span> <span class='ocrx_word' id='word_1_124' title='bbox 814 2089 950 2154; x_wconf 84' lang='lat' dir='ltr'>arguere</span> <span class='ocrx_word' id='word_1_125' title='bbox 974 2067 1127 2144; x_wconf 86' lang='lat' dir='ltr'>ridetur,</span> <span class='ocrx_word' id='word_1_126' title='bbox 1151 2068 1265 2130; x_wconf 87' lang='lat' dir='ltr'>dome·</span> 
     </span>
     <span class='ocr_line' id='line_1_15' title="bbox 125 2179 1264 2266; baseline -0.003 -21"><span class='ocrx_word' id='word_1_127' title='bbox 125 2182 254 2245; x_wconf 88' lang='lat' dir='ltr'>sticum</span> <span class='ocrx_word' id='word_1_128' title='bbox 282 2181 315 2244; x_wconf 89' lang='lat' dir='ltr'>ei</span> <span class='ocrx_word' id='word_1_129' title='bbox 345 2179 432 2258; x_wconf 90' lang='lat' dir='ltr'>loco,</span> <span class='ocrx_word' id='word_1_130' title='bbox 455 2180 522 2244; x_wconf 90' lang='lat' dir='ltr'>nisi</span> <span class='ocrx_word' id='word_1_131' title='bbox 546 2181 739 2258; x_wconf 84' lang='lat' dir='ltr'>Atlantem,</span> <span class='ocrx_word' id='word_1_132' title='bbox 764 2191 853 2244; x_wconf 87' lang='lat' dir='ltr'>certe</span> <span class='ocrx_word' id='word_1_133' title='bbox 875 2180 916 2244; x_wconf 89' lang='lat' dir='ltr'>de</span> <span class='ocrx_word' id='word_1_134' title='bbox 940 2179 1078 2246; x_wconf 81' lang='lat' dir='ltr'>Atlante</span> <span class='ocrx_word' id='word_1_135' title='bbox 1099 2179 1264 2266; x_wconf 91' lang='lat' dir='ltr'>mythum</span> 
     </span>
     <span class='ocr_line' id='line_1_16' title="bbox 127 2289 1265 2393; baseline -0.003 -36"><span class='ocrx_word' id='word_1_136' title='bbox 127 2292 265 2393; x_wconf 36' lang='lat' dir='ltr'>fuisse„</span> <span class='ocrx_word' id='word_1_137' title='bbox 303 2293 512 2379; x_wconf 85' lang='lat' dir='ltr'>Tanagraeus</span> <span class='ocrx_word' id='word_1_138' title='bbox 536 2293 672 2379; x_wconf 87' lang='lat' dir='ltr'>quidem</span> <span class='ocrx_word' id='word_1_139' title='bbox 709 2289 881 2357; x_wconf 87' lang='lat' dir='ltr'>ferebatur</span> <span class='ocrx_word' id='word_1_140' title='bbox 915 2292 1017 2356; x_wconf 88' lang='lat' dir='ltr'>etiam</span> <span class='ocrx_word' id='word_1_141' title='bbox 1050 2292 1198 2356; x_wconf 87' lang='lat' dir='ltr'>Atlantis</span> <span class='ocrx_word' id='word_1_142' title='bbox 1222 2313 1265 2355; x_wconf 87' lang='lat' dir='ltr'>ex</span> 
     </span>
     <span class='ocr_line' id='line_1_17' title="bbox 129 2398 1266 2495; baseline -0.004 -23"><span class='ocrx_word' id='word_1_143' title='bbox 129 2406 286 2495; x_wconf 84' lang='lat' dir='ltr'>Alcyone</span> <span class='ocrx_word' id='word_1_144' title='bbox 307 2428 411 2493; x_wconf 89' lang='lat' dir='ltr'>nepos</span> <span class='ocrx_word' id='word_1_145' title='bbox 430 2405 551 2473; x_wconf 85' lang='lat' dir='ltr'>Vrieus</span> <span class='ocrx_word' id='word_1_146' title='bbox 571 2417 604 2470; x_wconf 89' lang='lat' dir='ltr'>et</span> <span class='ocrx_word' id='word_1_147' title='bbox 625 2398 767 2470; x_wconf 82' lang='lat' dir='ltr'>omnino</span> <span class='ocrx_word' id='word_1_148' title='bbox 786 2403 919 2470; x_wconf 88' lang='lat' dir='ltr'>fabulae</span> <span class='ocrx_word' id='word_1_149' title='bbox 938 2406 979 2470; x_wconf 91' lang='lat' dir='ltr'>de</span> <span class='ocrx_word' id='word_1_150' title='bbox 993 2404 1129 2470; x_wconf 90' lang='lat' dir='ltr'>filiabus</span> <span class='ocrx_word' id='word_1_151' title='bbox 1148 2405 1266 2470; x_wconf 84' lang='lat' dir='ltr'>Atlan-</span> 
     </span>
     <span class='ocr_line' id='line_1_18' title="bbox 129 2517 1268 2607; baseline -0.003 -23"><span class='ocrx_word' id='word_1_152' title='bbox 129 2519 174 2584; x_wconf 86' lang='lat' dir='ltr'>tis</span> <span class='ocrx_word' id='word_1_153' title='bbox 194 2541 380 2606; x_wconf 87' lang='lat' dir='ltr'>earumque</span> <span class='ocrx_word' id='word_1_154' title='bbox 402 2518 560 2606; x_wconf 89' lang='lat' dir='ltr'>posteris,</span> <span class='ocrx_word' id='word_1_155' title='bbox 593 2529 752 2584; x_wconf 84' lang='lat' dir='ltr'>tractatae</span> <span class='ocrx_word' id='word_1_156' title='bbox 773 2542 792 2583; x_wconf 92' lang='lat' dir='ltr'>a</span> <span class='ocrx_word' id='word_1_157' title='bbox 819 2519 1009 2607; x_wconf 86' lang='lat' dir='ltr'>Pherecyde</span> <span class='ocrx_word' id='word_1_158' title='bbox 1029 2519 1068 2584; x_wconf 93' lang='lat' dir='ltr'>in</span> <span class='ocrx_word' id='word_1_159' title='bbox 1094 2517 1268 2584; x_wconf 82' lang='lat' dir='ltr'>Atlantide</span> 
     </span>
     <span class='ocr_line' id='line_1_19' title="bbox 133 2628 1267 2722; baseline -0.004 -23"><span class='ocrx_word' id='word_1_160' title='bbox 133 2631 485 2722; x_wconf 80' lang='lat' dir='ltr'>(vid.soh01.ad11.</span> <span class='ocrx_word' id='word_1_161' title='bbox 509 2633 546 2697; x_wconf 93' lang='grc' dir='ltr'>Σ.</span> <span class='ocrx_word' id='word_1_162' title='bbox 572 2628 681 2720; x_wconf 82' lang='grc'><strong>486.),</strong></span> <span class='ocrx_word' id='word_1_163' title='bbox 706 2633 754 2696; x_wconf 86' lang='lat' dir='ltr'>ita</span> <span class='ocrx_word' id='word_1_164' title='bbox 780 2630 936 2697; x_wconf 88' lang='lat' dir='ltr'>Graeciae</span> <span class='ocrx_word' id='word_1_165' title='bbox 953 2632 1012 2701; x_wconf 67' lang='lat' dir='ltr'>,vel</span> <span class='ocrx_word' id='word_1_166' title='bbox 1033 2631 1193 2697; x_wconf 85' lang='lat' dir='ltr'>finitimis</span> <span class='ocrx_word' id='word_1_167' title='bbox 1217 2654 1267 2695; x_wconf 91' lang='lat' dir='ltr'>re·</span> 
     </span>
     <span class='ocr_line' id='line_1_20' title="bbox 130 2745 1268 2834; baseline 0 -23"><span class='ocrx_word' id='word_1_168' title='bbox 130 2746 290 2834; x_wconf 87' lang='lat' dir='ltr'>gionibus</span> <span class='ocrx_word' id='word_1_169' title='bbox 307 2746 481 2813; x_wconf 81' lang='lat' dir='ltr'>Atlantem</span> <span class='ocrx_word' id='word_1_170' title='bbox 497 2746 685 2823; x_wconf 90' lang='lat' dir='ltr'>vindicant,</span> <span class='ocrx_word' id='word_1_171' title='bbox 705 2758 746 2810; x_wconf 90' lang='lat' dir='ltr'>ut</span> <span class='ocrx_word' id='word_1_172' title='bbox 764 2757 896 2810; x_wconf 89' lang='lat' dir='ltr'>certum</span> <span class='ocrx_word' id='word_1_173' title='bbox 918 2746 1084 2824; x_wconf 83' lang='lat' dir='ltr'>videatur,</span> <span class='ocrx_word' id='word_1_174' title='bbox 1100 2745 1268 2833; x_wconf 90' lang='lat' dir='ltr'>antiquio·</span> 
     </span>
     <span class='ocr_line' id='line_1_21' title="bbox 131 2856 1268 2944; baseline 0 -22"><span class='ocrx_word' id='word_1_175' title='bbox 131 2882 184 2925; x_wconf 90' lang='lat' dir='ltr'>res</span> <span class='ocrx_word' id='word_1_176' title='bbox 207 2859 368 2938; x_wconf 86' lang='lat' dir='ltr'>Graecos,</span> <span class='ocrx_word' id='word_1_177' title='bbox 390 2860 564 2924; x_wconf 84' lang='lat' dir='ltr'>Atlantem</span> <span class='ocrx_word' id='word_1_178' title='bbox 590 2881 634 2923; x_wconf 84' lang='lat' dir='ltr'>ex</span> <span class='ocrx_word' id='word_1_179' title='bbox 660 2857 702 2921; x_wconf 91' lang='lat' dir='ltr'>iis</span> <span class='ocrx_word' id='word_1_180' title='bbox 721 2858 790 2922; x_wconf 89' lang='lat' dir='ltr'>oris</span> <span class='ocrx_word' id='word_1_181' title='bbox 816 2858 929 2944; x_wconf 89' lang='lat' dir='ltr'>aliqua</span> <span class='ocrx_word' id='word_1_182' title='bbox 954 2858 1086 2922; x_wconf 91' lang='lat' dir='ltr'>ratione</span> <span class='ocrx_word' id='word_1_183' title='bbox 1114 2856 1268 2924; x_wconf 79' lang='lat' dir='ltr'>inAfri-</span> 
     </span>
     <span class='ocr_line' id='line_1_22' title="bbox 128 2944 1269 3058; baseline 0 -23"><span class='ocrx_word' id='word_1_184' title='bbox 128 2993 208 3036; x_wconf 89' lang='lat' dir='ltr'>cam</span> <span class='ocrx_word' id='word_1_185' title='bbox 238 2971 411 3050; x_wconf 86' lang='lat' dir='ltr'>delatum,</span> <span class='ocrx_word' id='word_1_186' title='bbox 443 2993 513 3035; x_wconf 92' lang='lat' dir='ltr'>non</span> <span class='ocrx_word' id='word_1_187' title='bbox 540 2970 631 3057; x_wconf 91' lang='lat' dir='ltr'>quod</span> <span class='ocrx_word' id='word_1_188' title='bbox 657 2969 799 3058; x_wconf 87' lang='lat' dir='ltr'>posteris</span> <span class='ocrx_word' id='word_1_189' title='bbox 827 2968 975 3056; x_wconf 87' lang='lat' dir='ltr'>placuit,</span> <span class='ocrx_word' id='word_1_190' title='bbox 1000 2944 1132 3058; x_wconf 79' lang='lat' dir='ltr'>origine</span> <span class='ocrx_word' id='word_1_191' title='bbox 1155 2969 1269 3056; x_wconf 79' lang='lat' dir='ltr'>Libyn</span> 
     </span>
     <span class='ocr_line' id='line_1_23' title="bbox 133 3080 1267 3168; baseline -0.003 -21"><span class='ocrx_word' id='word_1_192' title='bbox 133 3084 300 3149; x_wconf 88' lang='lat' dir='ltr'>habuisse.</span> <span class='ocrx_word' id='word_1_193' title='bbox 324 3083 404 3149; x_wconf 88' lang='lat' dir='ltr'>Vid.</span> <span class='ocrx_word' id='word_1_194' title='bbox 427 3082 535 3149; x_wconf 73' lang='lat' dir='ltr'>Clam.</span> <span class='ocrx_word' id='word_1_195' title='bbox 561 3083 615 3148; x_wconf 83' lang='lat' dir='ltr'>Al.</span> <span class='ocrx_word' id='word_1_196' title='bbox 640 3080 766 3147; x_wconf 84' lang='lat' dir='ltr'>Strom.</span> <span class='ocrx_word' id='word_1_197' title='bbox 795 3081 821 3145; x_wconf 91' lang='grc' dir='ltr'>Ι.</span> <span class='ocrx_word' id='word_1_198' title='bbox 845 3104 880 3168; x_wconf 90' lang='lat' dir='ltr'>p.</span> <span class='ocrx_word' id='word_1_199' title='bbox 904 3083 982 3145; x_wconf 83' lang='lat'><strong>362.</strong></span> <span class='ocrx_word' id='word_1_200' title='bbox 1015 3080 1174 3146; x_wconf 85' lang='lat' dir='ltr'>Hesiodus</span> <span class='ocrx_word' id='word_1_201' title='bbox 1194 3082 1267 3166; x_wconf 90' lang='lat' dir='ltr'>qui-</span> 
     </span>
     <span class='ocr_line' id='line_1_24' title="bbox 133 3191 1269 3261; baseline -0.001 -1"><span class='ocrx_word' id='word_1_202' title='bbox 133 3197 214 3261; x_wconf 88' lang='lat' dir='ltr'>dem</span> <span class='ocrx_word' id='word_1_203' title='bbox 236 3217 315 3261; x_wconf 90' lang='lat' dir='ltr'>eum</span> <span class='ocrx_word' id='word_1_204' title='bbox 337 3195 534 3260; x_wconf 85' lang='lat' dir='ltr'>durissimae</span> <span class='ocrx_word' id='word_1_205' title='bbox 555 3193 636 3260; x_wconf 85' lang='lat' dir='ltr'>sorti</span> <span class='ocrx_word' id='word_1_206' title='bbox 663 3192 852 3258; x_wconf 87' lang='lat' dir='ltr'>subiectum</span> <span class='ocrx_word' id='word_1_207' title='bbox 874 3192 915 3256; x_wconf 88' lang='lat' dir='ltr'>ab</span> <span class='ocrx_word' id='word_1_208' title='bbox 941 3194 1018 3259; x_wconf 85' lang='lat' dir='ltr'>Iove</span> <span class='ocrx_word' id='word_1_209' title='bbox 1045 3191 1127 3258; x_wconf 87' lang='lat' dir='ltr'>facit</span> <span class='ocrx_word' id='word_1_210' title='bbox 1153 3194 1191 3258; x_wconf 92' lang='lat' dir='ltr'>in</span> <span class='ocrx_word' id='word_1_211' title='bbox 1209 3216 1269 3259; x_wconf 83' lang='lat' dir='ltr'>ex·</span> 
     </span>
    </p>
   </div>
   <div class='ocr_carea' id='block_1_6' title="bbox 134 3291 1269 3735">
    <p class='ocr_par' dir='ltr' id='par_1_6' title="bbox 134 3291 1269 3735">
     <span class='ocr_line' id='line_1_25' title="bbox 135 3291 1268 3394; baseline 0 -22"><span class='ocrx_word' id='word_1_212' title='bbox 135 3307 256 3372; x_wconf 85' lang='lat' dir='ltr'>tremis</span> <span class='ocrx_word' id='word_1_213' title='bbox 269 3319 377 3373; x_wconf 85' lang='lat' dir='ltr'>terrae</span> <span class='ocrx_word' id='word_1_214' title='bbox 393 3306 530 3386; x_wconf 87' lang='lat' dir='ltr'>finibus,</span> <span class='ocrx_word' id='word_1_215' title='bbox 554 3295 682 3393; x_wconf 71' lang='grc' dir='ltr'><strong><em>πρόπαρ</em></strong></span> <span class='ocrx_word' id='word_1_216' title='bbox 693 3291 886 3392; x_wconf 64' lang='grc' dir='ltr'><strong><em>Ἑσπερίδων</em></strong></span> <span class='ocrx_word' id='word_1_217' title='bbox 896 3292 1090 3394; x_wconf 77' lang='grc' dir='ltr'><em>λιγυφώνων</em></span> <span class='ocrx_word' id='word_1_218' title='bbox 1105 3307 1154 3394; x_wconf 84' lang='lat' dir='ltr'>(v.</span> <span class='ocrx_word' id='word_1_219' title='bbox 1164 3304 1268 3393; x_wconf 73' lang='lat' dir='ltr'>atu),</span> 
     </span>
     <span class='ocr_line' id='line_1_26' title="bbox 134 3400 1268 3508; baseline 0 -24"><span class='ocrx_word' id='word_1_220' title='bbox 134 3419 506 3508; x_wconf 81' lang='lat' dir='ltr'>similiterAesohylus</span> <span class='ocrx_word' id='word_1_221' title='bbox 527 3400 648 3487; x_wconf 82' lang='lat' dir='ltr'>etalii.</span> <span class='ocrx_word' id='word_1_222' title='bbox 679 3419 846 3484; x_wconf 90' lang='lat' dir='ltr'>Homerus</span> <span class='ocrx_word' id='word_1_223' title='bbox 864 3431 987 3499; x_wconf 89' lang='lat' dir='ltr'>autem,</span> <span class='ocrx_word' id='word_1_224' title='bbox 1006 3420 1172 3505; x_wconf 87' lang='lat' dir='ltr'>quamvis,</span> <span class='ocrx_word' id='word_1_225' title='bbox 1187 3432 1268 3506; x_wconf 86' lang='lat' dir='ltr'>quo-</span> 
     </span>
     <span class='ocr_line' id='line_1_27' title="bbox 136 3510 1269 3622; baseline 0.001 -24"><span class='ocrx_word' id='word_1_226' title='bbox 136 3534 239 3600; x_wconf 92' lang='lat' dir='ltr'>modo</span> <span class='ocrx_word' id='word_1_227' title='bbox 261 3534 355 3599; x_wconf 87' lang='lat' dir='ltr'>Atlas</span> <span class='ocrx_word' id='word_1_228' title='bbox 376 3557 449 3600; x_wconf 90' lang='lat' dir='ltr'>eam</span> <span class='ocrx_word' id='word_1_229' title='bbox 469 3510 598 3600; x_wconf 34' lang='lat' dir='ltr'>sortem·</span> <span class='ocrx_word' id='word_1_230' title='bbox 610 3544 727 3598; x_wconf 86' lang='lat' dir='ltr'>nactus</span> <span class='ocrx_word' id='word_1_231' title='bbox 743 3533 806 3612; x_wconf 86' lang='lat' dir='ltr'>sit,</span> <span class='ocrx_word' id='word_1_232' title='bbox 836 3556 906 3598; x_wconf 89' lang='lat' dir='ltr'>uon</span> <span class='ocrx_word' id='word_1_233' title='bbox 922 3534 1023 3612; x_wconf 84' lang='lat' dir='ltr'>dicat,</span> <span class='ocrx_word' id='word_1_234' title='bbox 1042 3545 1155 3600; x_wconf 89' lang='lat' dir='ltr'>tamen</span> <span class='ocrx_word' id='word_1_235' title='bbox 1174 3557 1269 3622; x_wconf 87' lang='lat' dir='ltr'>prae·</span> 
     </span>
     <span class='ocr_line' id='line_1_28' title="bbox 137 3628 1267 3735; baseline 0 -22"><span class='ocrx_word' id='word_1_236' title='bbox 137 3647 280 3713; x_wconf 86' lang='lat' dir='ltr'>dicando</span> <span class='ocrx_word' id='word_1_237' title='bbox 303 3628 553 3735; x_wconf 48' lang='lat' dir='ltr'>peritiam&#39;eius</span> <span class='ocrx_word' id='word_1_238' title='bbox 576 3647 615 3712; x_wconf 89' lang='lat' dir='ltr'>in</span> <span class='ocrx_word' id='word_1_239' title='bbox 634 3647 778 3713; x_wconf 88' lang='lat' dir='ltr'>marinis</span> <span class='ocrx_word' id='word_1_240' title='bbox 798 3646 906 3724; x_wconf 85' lang='lat' dir='ltr'>rebus,</span> <span class='ocrx_word' id='word_1_241' title='bbox 930 3647 1097 3712; x_wconf 80' lang='lat' dir='ltr'>indicituu</span> <span class='ocrx_word' id='word_1_242' title='bbox 1115 3648 1267 3735; x_wconf 87' lang='lat' dir='ltr'>praebet,</span> 
     </span>
    </p>
   </div>
   <div class='ocr_carea' id='block_1_7' title="bbox 138 3766 1270 4192">
    <p class='ocr_par' dir='ltr' id='par_1_7' title="bbox 138 3766 1270 4192">
     <span class='ocr_line' id='line_1_29' title="bbox 138 3766 1270 3855; baseline -0.004 -22"><span class='ocrx_word' id='word_1_243' title='bbox 138 3768 228 3833; x_wconf 88' lang='lat' dir='ltr'>unde</span> <span class='ocrx_word' id='word_1_244' title='bbox 248 3767 404 3855; x_wconf 87' lang='lat' dir='ltr'>colligas,</span> <span class='ocrx_word' id='word_1_245' title='bbox 428 3789 507 3831; x_wconf 91' lang='lat' dir='ltr'>eum</span> <span class='ocrx_word' id='word_1_246' title='bbox 528 3789 588 3855; x_wconf 86' lang='lat' dir='ltr'>per</span> <span class='ocrx_word' id='word_1_247' title='bbox 609 3789 702 3832; x_wconf 89' lang='lat' dir='ltr'>mare</span> <span class='ocrx_word' id='word_1_248' title='bbox 718 3767 871 3831; x_wconf 90' lang='lat' dir='ltr'>delatum</span> <span class='ocrx_word' id='word_1_249' title='bbox 889 3767 991 3844; x_wconf 89' lang='lat' dir='ltr'>illuc,</span> <span class='ocrx_word' id='word_1_250' title='bbox 1013 3766 1074 3831; x_wconf 91' lang='lat' dir='ltr'>ubi</span> <span class='ocrx_word' id='word_1_251' title='bbox 1098 3776 1195 3830; x_wconf 89' lang='lat' dir='ltr'>erant</span> <span class='ocrx_word' id='word_1_252' title='bbox 1215 3788 1270 3828; x_wconf 89' lang='lat' dir='ltr'>su·</span> 
     </span>
     <span class='ocr_line' id='line_1_30' title="bbox 138 3877 1270 3966; baseline 0.002 -26"><span class='ocrx_word' id='word_1_253' title='bbox 138 3878 310 3944; x_wconf 87' lang='lat' dir='ltr'>stinendae</span> <span class='ocrx_word' id='word_1_254' title='bbox 337 3878 395 3944; x_wconf 88' lang='lat' dir='ltr'>illi</span> <span class='ocrx_word' id='word_1_255' title='bbox 425 3877 520 3944; x_wconf 89' lang='lat' dir='ltr'>Coeli</span> <span class='ocrx_word' id='word_1_256' title='bbox 540 3880 732 3945; x_wconf 86' lang='lat' dir='ltr'>columnae:</span> <span class='ocrx_word' id='word_1_257' title='bbox 769 3901 806 3943; x_wconf 92' lang='lat' dir='ltr'>ac</span> <span class='ocrx_word' id='word_1_258' title='bbox 825 3889 909 3966; x_wconf 90' lang='lat' dir='ltr'>puto</span> <span class='ocrx_word' id='word_1_259' title='bbox 933 3878 1108 3964; x_wconf 87' lang='lat' dir='ltr'>equidem,</span> <span class='ocrx_word' id='word_1_260' title='bbox 1133 3900 1270 3943; x_wconf 85' lang='lat' dir='ltr'>omnem</span> 
     </span>
     <span class='ocr_line' id='line_1_31' title="bbox 139 3988 1270 4079; baseline 0.001 -26"><span class='ocrx_word' id='word_1_261' title='bbox 139 3990 232 4055; x_wconf 82' lang='lat' dir='ltr'>hano</span> <span class='ocrx_word' id='word_1_262' title='bbox 246 3991 379 4058; x_wconf 90' lang='lat' dir='ltr'>fabulae</span> <span class='ocrx_word' id='word_1_263' title='bbox 401 3991 442 4057; x_wconf 91' lang='lat' dir='ltr'>de</span> <span class='ocrx_word' id='word_1_264' title='bbox 456 3991 593 4057; x_wconf 81' lang='lat' dir='ltr'>Atlante</span> <span class='ocrx_word' id='word_1_265' title='bbox 611 4003 742 4079; x_wconf 89' lang='lat' dir='ltr'>partem</span> <span class='ocrx_word' id='word_1_266' title='bbox 766 3988 914 4056; x_wconf 86' lang='lat' dir='ltr'>fundum</span> <span class='ocrx_word' id='word_1_267' title='bbox 935 3990 1090 4078; x_wconf 81' lang='lat' dir='ltr'>habuisse</span> <span class='ocrx_word' id='word_1_268' title='bbox 1117 3991 1155 4056; x_wconf 91' lang='lat' dir='ltr'>in</span> <span class='ocrx_word' id='word_1_269' title='bbox 1178 3991 1270 4055; x_wconf 85' lang='lat' dir='ltr'>anti-</span> 
     </span>
     <span class='ocr_line' id='line_1_32' title="bbox 139 4102 1268 4192; baseline 0.002 -26"><span class='ocrx_word' id='word_1_270' title='bbox 139 4103 257 4188; x_wconf 87' lang='lat' dir='ltr'>quiore</span> <span class='ocrx_word' id='word_1_271' title='bbox 270 4106 429 4191; x_wconf 85' lang='lat' dir='ltr'>quadam,</span> <span class='ocrx_word' id='word_1_272' title='bbox 453 4103 549 4169; x_wconf 88' lang='lat' dir='ltr'>cuius</span> <span class='ocrx_word' id='word_1_273' title='bbox 566 4105 655 4192; x_wconf 91' lang='lat' dir='ltr'>apud</span> <span class='ocrx_word' id='word_1_274' title='bbox 672 4104 813 4171; x_wconf 87' lang='lat' dir='ltr'>Graecos</span> <span class='ocrx_word' id='word_1_275' title='bbox 827 4114 956 4169; x_wconf 86' lang='lat' dir='ltr'>servata</span> <span class='ocrx_word' id='word_1_276' title='bbox 974 4104 1137 4169; x_wconf 90' lang='lat' dir='ltr'>memoria</span> <span class='ocrx_word' id='word_1_277' title='bbox 1153 4102 1268 4182; x_wconf 85' lang='lat' dir='ltr'>fuerit,</span> 
     </span>
    </p>
   </div>
   <div class='ocr_carea' id='block_1_8' title="bbox 18 4214 1267 4307">
    <p class='ocr_par' dir='ltr' id='par_1_8' title="bbox 18 4214 1267 4307">
     <span class='ocr_line' id='line_1_33' title="bbox 18 4214 1267 4307; baseline 0.007 -33"><span class='ocrx_word' id='word_1_278' title='bbox 18 4288 24 4307; x_wconf 87' lang='lat'><strong>.</strong></span> <span class='ocrx_word' id='word_1_279' title='bbox 139 4214 353 4300; x_wconf 84' lang='lat' dir='ltr'>expeditione</span> <span class='ocrx_word' id='word_1_280' title='bbox 384 4216 498 4282; x_wconf 81' lang='lat' dir='ltr'>navali</span> <span class='ocrx_word' id='word_1_281' title='bbox 523 4217 564 4282; x_wconf 91' lang='lat' dir='ltr'>ad</span> <span class='ocrx_word' id='word_1_282' title='bbox 582 4228 745 4282; x_wconf 67' lang='lat' dir='ltr'>‘montem</span> <span class='ocrx_word' id='word_1_283' title='bbox 769 4238 871 4305; x_wconf 87' lang='lat' dir='ltr'>usque</span> <span class='ocrx_word' id='word_1_284' title='bbox 897 4217 1069 4283; x_wconf 85' lang='lat' dir='ltr'>Atlantem</span> <span class='ocrx_word' id='word_1_285' title='bbox 1091 4218 1267 4305; x_wconf 85' lang='lat' dir='ltr'>perducta,</span> 
     </span>
    </p>
   </div>
   <div class='ocr_carea' id='block_1_9' title="bbox 140 4323 1270 4421">
    <p class='ocr_par' dir='ltr' id='par_1_9' title="bbox 140 4323 1270 4421">
     <span class='ocr_line' id='line_1_34' title="bbox 140 4323 1270 4421; baseline 0.001 -32"><span class='ocrx_word' id='word_1_286' title='bbox 140 4323 197 4389; x_wconf 91' lang='lat' dir='ltr'>cni</span> <span class='ocrx_word' id='word_1_287' title='bbox 224 4338 299 4394; x_wconf 88' lang='lat' dir='ltr'>tum</span> <span class='ocrx_word' id='word_1_288' title='bbox 318 4328 482 4421; x_wconf 82' lang='lat' dir='ltr'>Graecum</span> <span class='ocrx_word' id='word_1_289' title='bbox 507 4329 594 4395; x_wconf 86' lang='lat' dir='ltr'>illud</span> <span class='ocrx_word' id='word_1_290' title='bbox 616 4351 741 4395; x_wconf 83' lang='lat' dir='ltr'>nornen</span> <span class='ocrx_word' id='word_1_291' title='bbox 763 4328 875 4419; x_wconf 87' lang='lat' dir='ltr'>(aliter</span> <span class='ocrx_word' id='word_1_292' title='bbox 890 4330 993 4410; x_wconf 87' lang='lat' dir='ltr'>enirn,</span> <span class='ocrx_word' id='word_1_293' title='bbox 1009 4341 1090 4397; x_wconf 87' lang='lat' dir='ltr'>teste</span> <span class='ocrx_word' id='word_1_294' title='bbox 1105 4330 1270 4398; x_wconf 82' lang='lat' dir='ltr'>Herodoto</span> 
     </span>
    </p>
   </div>
   <div class='ocr_carea' id='block_1_10' title="bbox 0 0 1519 5209">
    <p class='ocr_par' dir='ltr' id='par_1_10' title="bbox 0 0 1519 5209">
     <span class='ocr_line' id='line_1_35' title="bbox 0 0 1519 5209; baseline 0 0"><span class='ocrx_word' id='word_1_295' title='bbox 0 0 1519 5209; x_wconf 95' lang='lat' dir='ltr'> </span> 
     </span>
    </p>
   </div>
  </div>
 </body>
</html>
