2967 5209
473 538 503 581 iu
528 502 652 584 ursiom
675 537 886 586 annosorum.
1169 507 1240 597 373

120 711 266 774 iuniores
297 710 416 786 etiam,
447 731 528 794 quos
559 706 768 796 Chrysippus
791 707 911 788 habet3
937 730 1065 785 versus,
1095 727 1240 792 qnorum

121 833 325 909 postremum
348 819 464 886 confer
486 842 564 886 cum
585 821 755 908 praedicti,
770 821 900 907 Hymni
923 842 978 885 vv.
1002 821 1021 882 4
1044 830 1077 889 et
1102 824 1131 884 5.
1233 842 1236 849 ’

164 1067 219 1111 vv.
244 1047 430 1111 cac—933.
454 1046 507 1111 Ex
525 1045 735 1131 Amphitrite
755 1057 788 1110 et
812 1045 967 1133 Neptuno
991 1055 1089 1111 natus
1109 1044 1242 1124 Triton,

120 1160 260 1225 Hesiodo
279 1181 436 1247 maguus,
461 1159 609 1241 validus,
637 1160 829 1224 tremendus
850 1161 955 1247 Deus,
984 1158 1127 1222 Homero
1147 1178 1242 1243 pror·
1294 1176 1296 1180 ·

120 1295 174 1336 sus
193 1270 327 1336 silentio
353 1271 581 1347 transmissus,
611 1270 665 1335 sed
691 1271 746 1335 cui
772 1272 863 1335 locus
883 1269 952 1334 fuit
975 1258 1011 1333 in
1039 1267 1243 1355 Argonauti-

119 1386 177 1454 cis.
210 1383 289 1451 Vid.
325 1383 458 1456 Herod..
479 1383 537 1449 IV.
572 1384 645 1448 179.
683 1383 845 1447 Pindarus
872 1383 973 1470 Pytb.
1005 1378 1063 1449 IV.
1088 1382 1134 1447 49.
1156 1403 1242 1466 seqq.

122 1498 280 1583 Apollon.
309 1497 418 1562 Rhcd.
447 1496 504 1562 IV.
536 1494 620 1561 1588
642 1518 729 1582 seqq.
755 1496 925 1583 Lycophr.
951 1498 1016 1562 886
1036 1516 1122 1581 seqq.
1147 1505 1180 1558 et
1205 1492 1245 1557 ad

121 1610 183 1672 hos
204 1612 316 1696 poetas
331 1607 480 1674 Scholia:
501 1628 602 1694 quam
625 1608 875 1695 expeditionem
896 1631 974 1672 cum
996 1609 1078 1672 item
1098 1605 1247 1692 attigerit

123 1723 295 1799 Hesiodus,
330 1734 369 1785 ui
390 1745 433 1786 ex
462 1720 606 1787 senonis
637 1721 677 1785 aa
700 1720 860 1808 Aponon.
886 1721 952 1787 nh.
979 1721 1039 1786 iv.
1067 1722 1142 1784 259.
1169 1694 1245 1784 iss.

123 1836 241 1921 liquet,
263 1846 320 1914 est,
345 1846 382 1897 ut
402 1835 514 1898 credat
532 1835 619 1920 quis,
639 1854 715 1897 eum
729 1832 779 1896 ibi
793 1855 922 1919 quoque
941 1833 1133 1908 Tritonem,
1151 1844 1248 1917 atque

122 1949 259 2033 insuper
285 1944 431 2011 formam
458 1946 560 2010 huius
590 1934 713 2030 διφυῆ,
736 1966 866 2008 necnon
886 1945 1064 2008 buccinam
1089 1966 1144 2008 seu
1167 1966 1248 2006 con·
1293 2006 1296 2013 ,

123 2059 239 2137 cham,
271 2079 478 2122 memorasse.
524 2057 628 2122 Vetus
647 2057 916 2141 Tanagraeorum
938 2056 1081 2142 mythos
1102 2054 1250 2118 initiatas

124 2172 198 2235 illic
232 2171 331 2235 sacris
360 2170 479 2235 Raccbi
509 2181 678 2235 matronas
699 2192 716 2232 a
738 2169 889 2233 Tritonis
912 2191 930 2232 e
952 2170 1040 2232 mari
1061 2168 1251 2233 invadentis

124 2286 262 2351 saevitia
280 2285 400 2351 Bacchi
415 2306 477 2372 cpe
496 2282 643 2349 defensas
665 2282 810 2367 ferebat,
827 2295 908 2348 teste
921 2283 1080 2347 Pausania
1104 2283 1162 2349 IX.
1183 2284 1248 2361 20.;

124 2421 191 2485 quo
218 2399 303 2463 lecto
334 2397 374 2461 de
404 2392 515 2462 bellua
546 2398 676 2463 marina
702 2397 840 2483 cogites,
872 2408 930 2460 aut
959 2407 1046 2460 certe
1076 2395 1250 2459 Tritonem
1275 2378 1277 2385 .

126 2511 272 2575 eiusdem
292 2507 399 2574 ferme
423 2509 561 2597 generis
576 2511 685 2595 Deum
708 2531 855 2586 censeaS,
878 2509 973 2572 cuius
993 2506 1133 2573 fuerunt
1148 2507 1252 2571 Phor-

123 2646 198 2700 cus,
230 2621 328 2698 Ceto,
358 2623 429 2687 alii.
476 2620 538 2687 Sed
567 2633 681 2686 tamen
711 2620 824 2708 potius
855 2633 917 2699 est,
950 2633 989 2685 ut
1013 2644 1074 2708 per
1103 2621 1254 2685 Tritonis

126 2746 301 2817 personam
326 2732 491 2796 declarata
516 2730 616 2796 fuisse
639 2732 794 2796 videatur
818 2733 934 2819 ingens
959 2733 1010 2796 vis
1028 2735 1149 2810 maris,
1175 2755 1253 2799 cum

127 2844 383 2915 sonitu·fluctus
404 2867 478 2908 suos
496 2856 530 2908 et
552 2845 655 2929 simul
676 2845 871 2932 gravissima
886 2869 1031 2930 quaeque
1048 2847 1251 2921 attollentis,

126 2978 249 3044 perque
280 2956 391 3020 litoris
421 2954 590 3020 anfractus
623 2968 656 3020 et
678 2979 834 3020 cavernas
857 2958 1049 3043 mugientis.
1104 2958 1254 3044 Namque

128 3068 195 3131 huc
221 3067 371 3135 ducitet
399 3066 504 3154 ipsius
539 3079 572 3131 et
602 3067 721 3130 matris
747 3089 889 3144 nomen,
916 3080 949 3130 et
971 3070 1059 3154 qnod
1085 3070 1185 3155 vulgo
1216 3081 1255 3132 ut

128 3180 323 3244 buccinator
345 3180 528 3244 inducitur.
560 3179 639 3246 Vid.
666 3179 792 3267 virgil.
821 3180 863 3244 X.
888 3181 969 3246 Aen.
1002 3181 1078 3247 209.
1105 3180 1206 3247 Ovid.
1227 3182 1252 3245 1.

129 3293 208 3358 Met.
235 3295 299 3358 333
323 3315 410 3379 seqq.
456 3278 615 3379 Εὐρυβίην
637 3284 783 3378 Τρίτωνα
805 3293 895 3357 inter
914 3293 1018 3356 maris
1037 3294 1179 3357 numina
1201 3269 1254 3359 in:

128 3416 248 3470 vocant
267 3406 475 3492 Argonautae
497 3405 585 3492 apud
599 3403 711 3492 Orpb.
734 3405 857 3492 Argon.
870 3407 945 3469 337.
963 3405 1019 3491 (al.
1031 3404 1132 3492 339.).
1166 3407 1254 3471 Eum

128 3519 200 3584 vim
221 3542 315 3583 snam
339 3531 544 3583 exserentem
564 3520 604 3582 ad
626 3518 846 3583 detrudendos
860 3519 996 3605 scopulo
1016 3542 1114 3583 naves
1129 3518 1255 3584 Aeneae

128 3637 259 3702 inducit
279 3638 373 3724 Virg.
399 3638 424 3702 Ι.
453 3638 535 3703 Aen.
559 3639 621 3701 144
644 3661 729 3725 seqq.
777 3638 858 3702 Fuit
878 3639 1000 3702 Triton
1018 3640 1108 3702 inter
1128 3639 1255 3725 praeci-

127 3772 194 3837 pua
214 3749 430 3815 Macedonum
446 3751 608 3815 'numina
659 3751 757 3818 Certe
780 3772 893 3814 coram
906 3751 1088 3837 Neptuno,
1115 3753 1254 3815 Tritone

127 3873 161 3926 et
181 3862 289 3927 Marte
309 3860 435 3926 factum
460 3863 550 3926 inter
573 3863 774 3951 Philippum
797 3863 1008 3927 Macedonem
1033 3875 1065 3926 et
1088 3864 1253 3928 Hanniba·

127 3974 196 4038 lem
216 3971 342 4052 foedus,
364 3975 453 4060 quod
473 3972 577 4039 refert
594 3975 754 4062 Polybius
766 3974 841 4040 VII.
861 3976 893 4040 9.
933 3974 1031 4039 Nerei
1047 3974 1162 4039 filium
1178 3977 1255 4040 Tri-

128 4095 243 4149 tonem
257 4085 338 4151 facit
356 4085 560 4173 Lycophron
573 4087 597 4152 l.
616 4110 657 4166 c,
681 4087 830 4175 Neptuni
843 4098 876 4151 et
895 4085 1055 4153 Celaeniis
1074 4087 1255 4154 Acesander

127 4198 216 4284 apud
236 4199 375 4264 Tzetzen
398 4199 480 4265 ibid.
498 4212 537 4263 *et
558 4197 668 4265 Schol.
690 4202 729 4265 ad
749 4201 846 4267 Pind.
864 4201 900 4264 P.
922 4200 980 4265 IV.
1003 4205 1056 4266 tt.
1074 4201 1255 4266 Hesiodum

13 4372 14 4391 .
127 4310 277 4394 sequitur
292 4310 445 4397 Apollod.
465 4312 491 4377 l.
504 4310 561 4378 IV.
574 4313 617 4389 6.,
637 4334 781 4377 sororem
798 4326 909 4377 tamen
926 4313 1059 4377 Tritoni
1074 4313 1253 4401 adiungens
