<?xml version="1.0" encoding="UTF-8"?>
<!DOCTYPE html PUBLIC "-//W3C//DTD XHTML 1.0 Transitional//EN"
    "http://www.w3.org/TR/xhtml1/DTD/xhtml1-transitional.dtd">
<html xmlns="http://www.w3.org/1999/xhtml" xml:lang="en" lang="en">
 <head>
  <title>
</title>
<meta http-equiv="Content-Type" content="text/html;charset=utf-8" />
  <meta name='ocr-system' content='tesseract 3.04.00' />
  <meta name='ocr-capabilities' content='ocr_page ocr_carea ocr_par ocr_line ocrx_word'/>
</head>
<body>
  <div class='ocr_page' id='page_1' title='image "./hesioditheogoni00lenngoog_0334.png"; bbox 0 0 2967 5209; ppageno 0'>
   <div class='ocr_carea' id='block_1_1' title="bbox 252 453 936 530">
    <p class='ocr_par' dir='ltr' id='par_1_1' title="bbox 252 453 936 530">
     <span class='ocr_line' id='line_1_1' title="bbox 252 453 936 530; baseline -0.003 -1"><span class='ocrx_word' id='word_1_1' title='bbox 252 453 328 529; x_wconf 77' lang='lat'><em>290</em></span> <span class='ocrx_word' id='word_1_2' title='bbox 697 480 936 530; x_wconf 74' lang='lat' dir='ltr'><em>comeranus</em></span> 
     </span>
    </p>
   </div>
   <div class='ocr_carea' id='block_1_2' title="bbox 204 652 1379 1407">
    <p class='ocr_par' dir='ltr' id='par_1_2' title="bbox 204 652 1379 1407">
     <span class='ocr_line' id='line_1_2' title="bbox 251 652 1379 741; baseline 0.001 -24"><span class='ocrx_word' id='word_1_3' title='bbox 251 674 382 717; x_wconf 88' lang='lat' dir='ltr'><em>summa</em></span> <span class='ocrx_word' id='word_1_4' title='bbox 410 652 506 718; x_wconf 87' lang='lat' dir='ltr'><em>nobis</em></span> <span class='ocrx_word' id='word_1_5' title='bbox 531 653 700 720; x_wconf 84' lang='lat' dir='ltr'><em>verissima</em></span> <span class='ocrx_word' id='word_1_6' title='bbox 730 655 889 720; x_wconf 88' lang='lat' dir='ltr'><em>videntur</em></span> <span class='ocrx_word' id='word_1_7' title='bbox 918 676 1001 741; x_wconf 89' lang='lat' dir='ltr'><em>quae</em></span> <span class='ocrx_word' id='word_1_8' title='bbox 1028 655 1053 720; x_wconf 79' lang='lat' dir='ltr'><em>i.</em></span> <span class='ocrx_word' id='word_1_9' title='bbox 1083 677 1114 721; x_wconf 87' lang='lat' dir='ltr'><em>c.</em></span> <span class='ocrx_word' id='word_1_10' title='bbox 1141 653 1213 741; x_wconf 85' lang='lat' dir='ltr'><em>ipse</em></span> <span class='ocrx_word' id='word_1_11' title='bbox 1240 652 1379 719; x_wconf 87' lang='lat' dir='ltr'><em>subiicit</em></span> 
     </span>
     <span class='ocr_line' id='line_1_3' title="bbox 252 764 1375 855; baseline -0.003 -23"><span class='ocrx_word' id='word_1_12' title='bbox 252 764 478 832; x_wconf 82' lang='lat' dir='ltr'><em>Muetzellius:</em></span> <span class='ocrx_word' id='word_1_13' title='bbox 511 774 636 830; x_wconf 81' lang='lat' dir='ltr'><em>interim</em></span> <span class='ocrx_word' id='word_1_14' title='bbox 666 778 771 831; x_wconf 87' lang='lat' dir='ltr'><em>tarnen</em></span> <span class='ocrx_word' id='word_1_15' title='bbox 801 766 993 831; x_wconf 80' lang='lat' dir='ltr'><em>reuocandus</em></span> <span class='ocrx_word' id='word_1_16' title='bbox 1024 773 1085 830; x_wconf 88' lang='lat' dir='ltr'><em>erit</em></span> <span class='ocrx_word' id='word_1_17' title='bbox 1106 766 1253 855; x_wconf 87' lang='lat' dir='ltr'><em>fortasse</em></span> <span class='ocrx_word' id='word_1_18' title='bbox 1284 766 1319 830; x_wconf 88' lang='grc' dir='ltr'><em>Ιι.</em></span> <span class='ocrx_word' id='word_1_19' title='bbox 1353 766 1375 829; x_wconf 82' lang='lat' dir='ltr'><em>l.</em></span> 
     </span>
     <span class='ocr_line' id='line_1_4' title="bbox 249 877 1378 967; baseline -0.001 -24"><span class='ocrx_word' id='word_1_20' title='bbox 249 886 375 943; x_wconf 87' lang='lat' dir='ltr'><em>animus</em></span> <span class='ocrx_word' id='word_1_21' title='bbox 403 877 443 943; x_wconf 85' lang='lat' dir='ltr'><em>ab</em></span> <span class='ocrx_word' id='word_1_22' title='bbox 466 880 719 966; x_wconf 72' lang='lat' dir='ltr'><em>interpolationis</em></span> <span class='ocrx_word' id='word_1_23' title='bbox 740 887 929 967; x_wconf 75' lang='lat' dir='ltr'><em>suspicione.</em></span> <span class='ocrx_word' id='word_1_24' title='bbox 976 879 1081 956; x_wconf 86' lang='lat' dir='ltr'><em>Nam,</em></span> <span class='ocrx_word' id='word_1_25' title='bbox 1106 879 1228 967; x_wconf 88' lang='lat' dir='ltr'><em>qualern</em></span> <span class='ocrx_word' id='word_1_26' title='bbox 1251 878 1378 967; x_wconf 82' lang='lat' dir='ltr'><em>quidem</em></span> 
     </span>
     <span class='ocr_line' id='line_1_5' title="bbox 250 994 1377 1079; baseline 0 -24"><span class='ocrx_word' id='word_1_27' title='bbox 250 1013 310 1056; x_wconf 87' lang='lat' dir='ltr'><em>nos</em></span> <span class='ocrx_word' id='word_1_28' title='bbox 336 999 533 1079; x_wconf 87' lang='lat' dir='ltr'><em>accepimus,</em></span> <span class='ocrx_word' id='word_1_29' title='bbox 561 994 692 1079; x_wconf 73' lang='lat' dir='ltr'><em>positam</em></span> <span class='ocrx_word' id='word_1_30' title='bbox 714 998 749 1070; x_wconf 85' lang='lat' dir='ltr'><em>in</em></span> <span class='ocrx_word' id='word_1_31' title='bbox 771 1000 988 1057; x_wconf 82' lang='lat' dir='ltr'><em>narrationum</em></span> <span class='ocrx_word' id='word_1_32' title='bbox 1011 999 1220 1056; x_wconf 80' lang='lat' dir='ltr'><em>concirutitate</em></span> <span class='ocrx_word' id='word_1_33' title='bbox 1242 1005 1274 1055; x_wconf 92' lang='lat' dir='ltr'><em>et</em></span> <span class='ocrx_word' id='word_1_34' title='bbox 1292 1015 1377 1079; x_wconf 92' lang='lat' dir='ltr'><em>per-</em></span> 
     </span>
     <span class='ocr_line' id='line_1_6' title="bbox 204 1076 1377 1193; baseline -0.001 -26"><span class='ocrx_word' id='word_1_35' title='bbox 204 1076 207 1103; x_wconf 40' lang='lat'><em>*</em></span> <span class='ocrx_word' id='word_1_36' title='bbox 248 1112 413 1192; x_wconf 85' lang='lat' dir='ltr'><em>spicuitate</em></span> <span class='ocrx_word' id='word_1_37' title='bbox 436 1127 501 1169; x_wconf 89' lang='lat' dir='ltr'><em>non</em></span> <span class='ocrx_word' id='word_1_38' title='bbox 522 1105 653 1170; x_wconf 82' lang='lat' dir='ltr'><em>multum</em></span> <span class='ocrx_word' id='word_1_39' title='bbox 675 1126 791 1191; x_wconf 84' lang='lat' dir='ltr'><em>operae</em></span> <span class='ocrx_word' id='word_1_40' title='bbox 808 1112 973 1192; x_wconf 79' lang='lat' dir='ltr'><em>posuisse,</em></span> <span class='ocrx_word' id='word_1_41' title='bbox 987 1104 1093 1193; x_wconf 88' lang='lat' dir='ltr'><em>facilc</em></span> <span class='ocrx_word' id='word_1_42' title='bbox 1114 1117 1261 1192; x_wconf 88' lang='lat' dir='ltr'><em>apparet.</em></span> <span class='ocrx_word' id='word_1_43' title='bbox 1306 1103 1377 1167; x_wconf 89' lang='lat' dir='ltr'><em>Ita·</em></span> 
     </span>
     <span class='ocr_line' id='line_1_7' title="bbox 248 1216 1376 1308; baseline -0.001 -27"><span class='ocrx_word' id='word_1_44' title='bbox 248 1241 308 1308; x_wconf 87' lang='lat' dir='ltr'><em>que</em></span> <span class='ocrx_word' id='word_1_45' title='bbox 327 1241 392 1281; x_wconf 92' lang='lat' dir='ltr'><em>non</em></span> <span class='ocrx_word' id='word_1_46' title='bbox 414 1240 477 1281; x_wconf 90' lang='lat' dir='ltr'><em>uno</em></span> <span class='ocrx_word' id='word_1_47' title='bbox 500 1216 568 1281; x_wconf 87' lang='lat' dir='ltr'><em>loco</em></span> <span class='ocrx_word' id='word_1_48' title='bbox 581 1216 711 1305; x_wconf 87' lang='lat' dir='ltr'><em>factum</em></span> <span class='ocrx_word' id='word_1_49' title='bbox 733 1229 791 1296; x_wconf 87' lang='lat' dir='ltr'><em>est,</em></span> <span class='ocrx_word' id='word_1_50' title='bbox 814 1230 868 1295; x_wconf 85' lang='lat' dir='ltr'><em>ut,</em></span> <span class='ocrx_word' id='word_1_51' title='bbox 892 1240 985 1305; x_wconf 87' lang='lat' dir='ltr'><em>quum</em></span> <span class='ocrx_word' id='word_1_52' title='bbox 1003 1225 1141 1304; x_wconf 83' lang='lat' dir='ltr'><em>primurn</em></span> <span class='ocrx_word' id='word_1_53' title='bbox 1163 1239 1229 1280; x_wconf 91' lang='lat' dir='ltr'><em>rern</em></span> <span class='ocrx_word' id='word_1_54' title='bbox 1252 1240 1376 1281; x_wconf 88' lang='lat' dir='ltr'><em>omnem</em></span> 
     </span>
     <span class='ocr_line' id='line_1_8' title="bbox 245 1328 1320 1407; baseline 0.001 -15"><span class='ocrx_word' id='word_1_55' title='bbox 245 1328 384 1395; x_wconf 78' lang='lat' dir='ltr'><em>breuiter</em></span> <span class='ocrx_word' id='word_1_56' title='bbox 402 1337 610 1407; x_wconf 84' lang='lat' dir='ltr'><em>enuntiasset,</em></span> <span class='ocrx_word' id='word_1_57' title='bbox 633 1328 766 1393; x_wconf 81' lang='lat' dir='ltr'><em>eandem</em></span> <span class='ocrx_word' id='word_1_58' title='bbox 788 1328 902 1393; x_wconf 87' lang='lat' dir='ltr'><em>deinde</em></span> <span class='ocrx_word' id='word_1_59' title='bbox 923 1328 1114 1393; x_wconf 82' lang='lat' dir='ltr'><em>enucleatius</em></span> <span class='ocrx_word' id='word_1_60' title='bbox 1136 1328 1320 1393; x_wconf 86' lang='lat' dir='ltr'><em>illustraret.</em></span> 
     </span>
    </p>
   </div>
   <div class='ocr_carea' id='block_1_3' title="bbox 291 1520 1428 1642">
    <p class='ocr_par' dir='ltr' id='par_1_3' title="bbox 291 1520 1428 1642">
     <span class='ocr_line' id='line_1_9' title="bbox 291 1520 1428 1642; baseline 0 -22"><span class='ocrx_word' id='word_1_61' title='bbox 291 1577 322 1620; x_wconf 86' lang='lat' dir='ltr'><em>v.</em></span> <span class='ocrx_word' id='word_1_62' title='bbox 347 1554 421 1621; x_wconf 78' lang='lat'><em>481.</em></span> <span class='ocrx_word' id='word_1_63' title='bbox 446 1546 596 1642; x_wconf 66' lang='grc' dir='ltr'><em>φέρουσα</em></span> <span class='ocrx_word' id='word_1_64' title='bbox 618 1540 845 1642; x_wconf 85' lang='lat' dir='ltr'><em>Goettlingius</em></span> <span class='ocrx_word' id='word_1_65' title='bbox 863 1540 1197 1642; x_wconf 69' lang='lat' dir='ltr'><em>essevultisyacspi</em></span> <span class='ocrx_word' id='word_1_66' title='bbox 1211 1544 1372 1642; x_wconf 73' lang='grc' dir='ltr'><em>φέρουσα.</em></span> <span class='ocrx_word' id='word_1_67' title='bbox 1426 1520 1428 1525; x_wconf 6' lang='grc' dir='ltr'>Χ</span> 
     </span>
    </p>
   </div>
   <div class='ocr_carea' id='block_1_4' title="bbox 120 1664 1373 1759">
    <p class='ocr_par' dir='ltr' id='par_1_4' title="bbox 120 1664 1373 1759">
     <span class='ocr_line' id='line_1_10' title="bbox 120 1664 1373 1759; baseline 0.001 -26"><span class='ocrx_word' id='word_1_68' title='bbox 120 1678 122 1685; x_wconf 83' lang='grc'>’</span> <span class='ocrx_word' id='word_1_69' title='bbox 246 1667 380 1735; x_wconf 86' lang='lat' dir='ltr'><em>Vellem</em></span> <span class='ocrx_word' id='word_1_70' title='bbox 398 1667 552 1755; x_wconf 84' lang='lat' dir='ltr'><em>exempla</em></span> <span class='ocrx_word' id='word_1_71' title='bbox 570 1665 736 1731; x_wconf 80' lang='lat' dir='ltr'><em>attulisset</em></span> <span class='ocrx_word' id='word_1_72' title='bbox 756 1665 863 1744; x_wconf 82' lang='lat' dir='ltr'><em>verbi,</em></span> <span class='ocrx_word' id='word_1_73' title='bbox 885 1665 947 1731; x_wconf 91' lang='lat' dir='ltr'><em>illa</em></span> <span class='ocrx_word' id='word_1_74' title='bbox 961 1664 1203 1759; x_wconf 82' lang='lat' dir='ltr'><em>significatione</em></span> <span class='ocrx_word' id='word_1_75' title='bbox 1221 1668 1373 1735; x_wconf 83' lang='lat' dir='ltr'><em>sicunde</em></span> 
     </span>
    </p>
   </div>
   <div class='ocr_carea' id='block_1_5' title="bbox 245 1778 358 1867">
    <p class='ocr_par' dir='ltr' id='par_1_5' title="bbox 245 1778 358 1867">
     <span class='ocr_line' id='line_1_11' title="bbox 245 1778 358 1867; baseline 0.018 -23"><span class='ocrx_word' id='word_1_76' title='bbox 245 1778 358 1867; x_wconf 85' lang='lat' dir='ltr'><em>positi.</em></span> 
     </span>
    </p>
   </div>
   <div class='ocr_carea' id='block_1_6' title="bbox 169 1988 1370 2320">
    <p class='ocr_par' dir='ltr' id='par_1_6' title="bbox 169 1988 1370 2320">
     <span class='ocr_line' id='line_1_12' title="bbox 169 1988 1370 2092; baseline 0.001 -25"><span class='ocrx_word' id='word_1_77' title='bbox 169 2060 172 2067; x_wconf 91' lang='lat'><em>.</em></span> <span class='ocrx_word' id='word_1_78' title='bbox 288 2030 321 2073; x_wconf 87' lang='lat' dir='ltr'><em>v.</em></span> <span class='ocrx_word' id='word_1_79' title='bbox 345 2006 419 2072; x_wconf 77' lang='lat'><em>482.</em></span> <span class='ocrx_word' id='word_1_80' title='bbox 443 1988 565 2091; x_wconf 70' lang='grc' dir='ltr'><em>κρύψεν</em></span> <span class='ocrx_word' id='word_1_81' title='bbox 590 1990 626 2070; x_wconf 79' lang='lat' dir='ltr'><em>de&#39;</em></span> <span class='ocrx_word' id='word_1_82' title='bbox 646 1994 678 2092; x_wconf 82' lang='grc' dir='ltr'><em>ἑ)</em></span> <span class='ocrx_word' id='word_1_83' title='bbox 700 2003 885 2069; x_wconf 81' lang='lat' dir='ltr'><em>absconditi</em></span> <span class='ocrx_word' id='word_1_84' title='bbox 905 2003 994 2069; x_wconf 89' lang='lat' dir='ltr'><em>Iovis</em></span> <span class='ocrx_word' id='word_1_85' title='bbox 1013 2026 1092 2068; x_wconf 91' lang='lat' dir='ltr'><em>cum</em></span> <span class='ocrx_word' id='word_1_86' title='bbox 1116 2004 1289 2069; x_wconf 88' lang='lat' dir='ltr'><em>mentione</em></span> <span class='ocrx_word' id='word_1_87' title='bbox 1303 2015 1370 2068; x_wconf 86' lang='lat' dir='ltr'><em>tra·</em></span> 
     </span>
     <span class='ocr_line' id='line_1_13' title="bbox 242 2114 1367 2204; baseline -0.003 -19"><span class='ocrx_word' id='word_1_88' title='bbox 242 2120 352 2187; x_wconf 89' lang='lat' dir='ltr'><em>dentis</em></span> <span class='ocrx_word' id='word_1_89' title='bbox 379 2119 413 2183; x_wconf 91' lang='lat' dir='ltr'><em>id</em></span> <span class='ocrx_word' id='word_1_90' title='bbox 441 2117 575 2183; x_wconf 88' lang='lat' dir='ltr'><em>Hesiodi</em></span> <span class='ocrx_word' id='word_1_91' title='bbox 604 2116 765 2183; x_wconf 88' lang='lat' dir='ltr'><em>meminit</em></span> <span class='ocrx_word' id='word_1_92' title='bbox 789 2115 999 2204; x_wconf 76' lang='lat' dir='ltr'><em>Porphyrius</em></span> <span class='ocrx_word' id='word_1_93' title='bbox 1031 2117 1119 2203; x_wconf 87' lang='lat' dir='ltr'><em>apud</em></span> <span class='ocrx_word' id='word_1_94' title='bbox 1152 2114 1267 2182; x_wconf 84' lang='lat' dir='ltr'><em>schol.</em></span> <span class='ocrx_word' id='word_1_95' title='bbox 1301 2116 1367 2182; x_wconf 88' lang='lat' dir='ltr'><em>BD.</em></span> 
     </span>
     <span class='ocr_line' id='line_1_14' title="bbox 241 2231 634 2320; baseline 0 -23"><span class='ocrx_word' id='word_1_96' title='bbox 241 2232 283 2298; x_wconf 90' lang='lat' dir='ltr'><em>ed</em></span> <span class='ocrx_word' id='word_1_97' title='bbox 301 2232 342 2299; x_wconf 90' lang='lat'><em>11.</em></span> <span class='ocrx_word' id='word_1_98' title='bbox 365 2231 406 2300; x_wconf 88' lang='grc' dir='ltr'><em>Ο.</em></span> <span class='ocrx_word' id='word_1_99' title='bbox 427 2233 480 2297; x_wconf 90' lang='lat'><em>21.</em></span> <span class='ocrx_word' id='word_1_100' title='bbox 501 2254 535 2320; x_wconf 90' lang='lat' dir='ltr'><em>p.</em></span> <span class='ocrx_word' id='word_1_101' title='bbox 559 2231 634 2297; x_wconf 79' lang='lat'><em>410.</em></span> 
     </span>
    </p>
   </div>
   <div class='ocr_carea' id='block_1_7' title="bbox 239 2440 1369 2655">
    <p class='ocr_par' dir='ltr' id='par_1_7' title="bbox 239 2440 1369 2655">
     <span class='ocr_line' id='line_1_15' title="bbox 285 2440 1369 2542; baseline -0.004 -19"><span class='ocrx_word' id='word_1_102' title='bbox 285 2478 317 2523; x_wconf 84' lang='lat' dir='ltr'><em>v.</em></span> <span class='ocrx_word' id='word_1_103' title='bbox 341 2457 415 2522; x_wconf 80' lang='lat'><em>487.</em></span> <span class='ocrx_word' id='word_1_104' title='bbox 440 2446 490 2535; x_wconf 71' lang='lat' dir='ltr'><em>its</em></span> <span class='ocrx_word' id='word_1_105' title='bbox 512 2441 699 2542; x_wconf 75' lang='grc' dir='ltr'><strong><em>ἐγκάτθετο</em></strong></span> <span class='ocrx_word' id='word_1_106' title='bbox 715 2440 821 2534; x_wconf 76' lang='grc' dir='ltr'><em>νηδὺν,</em></span> <span class='ocrx_word' id='word_1_107' title='bbox 843 2452 1031 2540; x_wconf 83' lang='lat' dir='ltr'><em>deglutiens</em></span> <span class='ocrx_word' id='word_1_108' title='bbox 1047 2453 1083 2517; x_wconf 89' lang='lat' dir='ltr'><em>in</em></span> <span class='ocrx_word' id='word_1_109' title='bbox 1103 2465 1256 2521; x_wconf 85' lang='lat' dir='ltr'><em>ventrem</em></span> <span class='ocrx_word' id='word_1_110' title='bbox 1274 2453 1369 2520; x_wconf 91' lang='lat' dir='ltr'><em>abdi·</em></span> 
     </span>
     <span class='ocr_line' id='line_1_16' title="bbox 239 2552 1368 2655; baseline -0.004 -19"><span class='ocrx_word' id='word_1_111' title='bbox 239 2571 303 2636; x_wconf 88' lang='lat' dir='ltr'><em>dit.</em></span> <span class='ocrx_word' id='word_1_112' title='bbox 327 2565 428 2635; x_wconf 85' lang='lat' dir='ltr'><em>Conf.</em></span> <span class='ocrx_word' id='word_1_113' title='bbox 454 2565 546 2633; x_wconf 85' lang='lat' dir='ltr'><em>infra</em></span> <span class='ocrx_word' id='word_1_114' title='bbox 571 2590 605 2634; x_wconf 91' lang='lat' dir='ltr'><em>v.</em></span> <span class='ocrx_word' id='word_1_115' title='bbox 634 2569 724 2634; x_wconf 69' lang='lat'><em>889.</em></span> <span class='ocrx_word' id='word_1_116' title='bbox 743 2552 839 2630; x_wconf 69' lang='lat' dir='ltr'><em>Atius</em></span> <span class='ocrx_word' id='word_1_117' title='bbox 867 2557 1124 2651; x_wconf 76' lang='lat' dir='ltr'><em>sasamuo‘uesou</em></span> <span class='ocrx_word' id='word_1_118' title='bbox 1152 2556 1214 2631; x_wconf 72' lang='lat' dir='ltr'><em>tet</em></span> <span class='ocrx_word' id='word_1_119' title='bbox 1252 2557 1368 2655; x_wconf 73' lang='grc' dir='ltr'><strong><em>Κρόνου</em></strong></span> 
     </span>
    </p>
   </div>
   <div class='ocr_carea' id='block_1_8' title="bbox 240 2678 1180 2996">
    <p class='ocr_par' dir='ltr' id='par_1_8' title="bbox 240 2678 1180 2996">
     <span class='ocr_line' id='line_1_17' title="bbox 240 2678 1180 2768; baseline 0 -20"><span class='ocrx_word' id='word_1_120' title='bbox 240 2682 283 2748; x_wconf 88' lang='lat' dir='ltr'><em>eb</em></span> <span class='ocrx_word' id='word_1_121' title='bbox 303 2682 444 2750; x_wconf 82' lang='lat' dir='ltr'><em>Hesiodo</em></span> <span class='ocrx_word' id='word_1_122' title='bbox 468 2682 558 2747; x_wconf 87' lang='lat' dir='ltr'><em>tradi</em></span> <span class='ocrx_word' id='word_1_123' title='bbox 582 2690 750 2748; x_wconf 87' lang='lat' dir='ltr'><em>memorat</em></span> <span class='ocrx_word' id='word_1_124' title='bbox 770 2678 854 2745; x_wconf 80' lang='lat' dir='ltr'><em>item</em></span> <span class='ocrx_word' id='word_1_125' title='bbox 874 2680 1086 2768; x_wconf 83' lang='lat' dir='ltr'><em>Porphyrius</em></span> <span class='ocrx_word' id='word_1_126' title='bbox 1103 2683 1128 2748; x_wconf 87' lang='lat' dir='ltr'><em>l.</em></span> <span class='ocrx_word' id='word_1_127' title='bbox 1151 2705 1180 2748; x_wconf 86' lang='lat' dir='ltr'><em>c.</em></span> 
     </span>
     <span class='ocr_line' id='line_1_18' title="bbox 285 2894 1164 2996; baseline -0.005 -21"><span class='ocrx_word' id='word_1_128' title='bbox 285 2934 318 2977; x_wconf 85' lang='lat' dir='ltr'><em>v.</em></span> <span class='ocrx_word' id='word_1_129' title='bbox 342 2910 417 2976; x_wconf 81' lang='lat'><em>490.</em></span> <span class='ocrx_word' id='word_1_130' title='bbox 442 2898 461 2974; x_wconf 72' lang='lat' dir='ltr'><em>d</em></span> <span class='ocrx_word' id='word_1_131' title='bbox 480 2926 535 2993; x_wconf 70' lang='grc' dir='ltr'><em>μιν</em></span> <span class='ocrx_word' id='word_1_132' title='bbox 550 2939 602 2952; x_wconf 91' lang='lat'><em>-</em></span> <span class='ocrx_word' id='word_1_133' title='bbox 623 2898 639 2972; x_wconf 76' lang='grc' dir='ltr'>ὅ</span> <span class='ocrx_word' id='word_1_134' title='bbox 662 2895 693 2974; x_wconf 77' lang='lat' dir='ltr'><em>d&#39;</em></span> <span class='ocrx_word' id='word_1_135' title='bbox 712 2894 759 2989; x_wconf 72' lang='grc' dir='ltr'><em>ἓν,</em></span> <span class='ocrx_word' id='word_1_136' title='bbox 780 2915 835 2996; x_wconf 84' lang='lat' dir='ltr'><em>qui</em></span> <span class='ocrx_word' id='word_1_137' title='bbox 857 2906 944 2971; x_wconf 85' lang='lat' dir='ltr'><em>illum</em></span> <span class='ocrx_word' id='word_1_138' title='bbox 967 2943 1010 2959; x_wconf 89' lang='lat'><em>·-</em></span> <span class='ocrx_word' id='word_1_139' title='bbox 1032 2920 1064 2972; x_wconf 91' lang='lat' dir='ltr'><em>et</em></span> <span class='ocrx_word' id='word_1_140' title='bbox 1086 2917 1164 2996; x_wconf 82' lang='lat' dir='ltr'><em>ipse.</em></span> 
     </span>
    </p>
   </div>
   <div class='ocr_carea' id='block_1_9' title="bbox 133 3134 1368 3790">
    <p class='ocr_par' dir='ltr' id='par_1_9' title="bbox 133 3134 1368 3790">
     <span class='ocr_line' id='line_1_19' title="bbox 281 3134 1365 3224; baseline 0 -20"><span class='ocrx_word' id='word_1_141' title='bbox 281 3161 315 3204; x_wconf 85' lang='lat' dir='ltr'><em>v.</em></span> <span class='ocrx_word' id='word_1_142' title='bbox 339 3138 403 3203; x_wconf 80' lang='lat'><em>492</em></span> <span class='ocrx_word' id='word_1_143' title='bbox 426 3160 513 3223; x_wconf 83' lang='lat' dir='ltr'><em>seqq.</em></span> <span class='ocrx_word' id='word_1_144' title='bbox 537 3135 717 3224; x_wconf 86' lang='lat' dir='ltr'><em>Proprium</em></span> <span class='ocrx_word' id='word_1_145' title='bbox 737 3134 827 3214; x_wconf 89' lang='lat' dir='ltr'><em>Diis,</em></span> <span class='ocrx_word' id='word_1_146' title='bbox 856 3146 892 3200; x_wconf 91' lang='lat' dir='ltr'><em>ut</em></span> <span class='ocrx_word' id='word_1_147' title='bbox 909 3135 976 3199; x_wconf 88' lang='lat' dir='ltr'><em>cito</em></span> <span class='ocrx_word' id='word_1_148' title='bbox 994 3134 1191 3202; x_wconf 81' lang='lat' dir='ltr'><em>adolescant.</em></span> <span class='ocrx_word' id='word_1_149' title='bbox 1215 3136 1293 3204; x_wconf 85' lang='lat' dir='ltr'><em>vid.</em></span> <span class='ocrx_word' id='word_1_150' title='bbox 1323 3136 1365 3204; x_wconf 88' lang='lat' dir='ltr'><em>H.</em></span> 
     </span>
     <span class='ocr_line' id='line_1_20' title="bbox 238 3247 1365 3339; baseline 0 -22"><span class='ocrx_word' id='word_1_151' title='bbox 238 3251 338 3319; x_wconf 88' lang='lat' dir='ltr'><em>Hom.</em></span> <span class='ocrx_word' id='word_1_152' title='bbox 372 3251 410 3316; x_wconf 91' lang='lat' dir='ltr'><em>in</em></span> <span class='ocrx_word' id='word_1_153' title='bbox 432 3249 535 3317; x_wconf 85' lang='lat' dir='ltr'><em>Mero.</em></span> <span class='ocrx_word' id='word_1_154' title='bbox 563 3272 596 3316; x_wconf 85' lang='lat' dir='ltr'><em>v.</em></span> <span class='ocrx_word' id='word_1_155' title='bbox 632 3252 672 3314; x_wconf 85' lang='lat'><em>17</em></span> <span class='ocrx_word' id='word_1_156' title='bbox 701 3271 789 3338; x_wconf 88' lang='lat' dir='ltr'><em>seqq.</em></span> <span class='ocrx_word' id='word_1_157' title='bbox 820 3247 957 3317; x_wconf 86' lang='lat' dir='ltr'><em>Gallim.</em></span> <span class='ocrx_word' id='word_1_158' title='bbox 985 3247 1026 3327; x_wconf 77' lang='lat' dir='ltr'><em>H.</em></span> <span class='ocrx_word' id='word_1_159' title='bbox 1059 3248 1097 3314; x_wconf 91' lang='lat' dir='ltr'><em>in</em></span> <span class='ocrx_word' id='word_1_160' title='bbox 1123 3249 1193 3316; x_wconf 84' lang='lat' dir='ltr'><em>Iov.</em></span> <span class='ocrx_word' id='word_1_161' title='bbox 1229 3255 1270 3316; x_wconf 81' lang='lat'><em>55</em></span> <span class='ocrx_word' id='word_1_162' title='bbox 1299 3273 1365 3339; x_wconf 86' lang='lat' dir='ltr'><em>seq.</em></span> 
     </span>
     <span class='ocr_line' id='line_1_21' title="bbox 237 3360 1365 3451; baseline -0.001 -21"><span class='ocrx_word' id='word_1_163' title='bbox 237 3364 353 3450; x_wconf 90' lang='lat' dir='ltr'><em>ltaque</em></span> <span class='ocrx_word' id='word_1_164' title='bbox 380 3363 461 3428; x_wconf 89' lang='lat' dir='ltr'><em>anni</em></span> <span class='ocrx_word' id='word_1_165' title='bbox 488 3362 595 3451; x_wconf 82' lang='lat' dir='ltr'><em>spatio</em></span> <span class='ocrx_word' id='word_1_166' title='bbox 628 3360 729 3450; x_wconf 88' lang='lat' dir='ltr'><em>(conf.</em></span> <span class='ocrx_word' id='word_1_167' title='bbox 765 3362 821 3429; x_wconf 89' lang='lat' dir='ltr'><em>dd.</em></span> <span class='ocrx_word' id='word_1_168' title='bbox 855 3363 893 3427; x_wconf 91' lang='lat' dir='ltr'><em>in</em></span> <span class='ocrx_word' id='word_1_169' title='bbox 926 3362 1024 3430; x_wconf 85' lang='lat' dir='ltr'><em>Varr.</em></span> <span class='ocrx_word' id='word_1_170' title='bbox 1057 3361 1178 3450; x_wconf 87' lang='lat' dir='ltr'><em>Lectt.)</em></span> <span class='ocrx_word' id='word_1_171' title='bbox 1211 3364 1365 3443; x_wconf 84' lang='lat' dir='ltr'><em>adultus,</em></span> 
     </span>
     <span class='ocr_line' id='line_1_22' title="bbox 133 3459 1368 3566; baseline 0 -24"><span class='ocrx_word' id='word_1_172' title='bbox 133 3459 135 3465; x_wconf 38' lang='grc'>’</span> <span class='ocrx_word' id='word_1_173' title='bbox 238 3475 369 3565; x_wconf 85' lang='lat' dir='ltr'><em>iupiter</em></span> <span class='ocrx_word' id='word_1_174' title='bbox 392 3487 525 3564; x_wconf 85' lang='lat' dir='ltr'><em>patrem</em></span> <span class='ocrx_word' id='word_1_175' title='bbox 547 3498 646 3540; x_wconf 86' lang='lat' dir='ltr'><em>suum</em></span> <span class='ocrx_word' id='word_1_176' title='bbox 664 3474 745 3541; x_wconf 92' lang='lat' dir='ltr'><em>dolo</em></span> <span class='ocrx_word' id='word_1_177' title='bbox 768 3487 1017 3565; x_wconf 80' lang='lat' dir='ltr'><em>aggressusest,</em></span> <span class='ocrx_word' id='word_1_178' title='bbox 1041 3477 1222 3542; x_wconf 86' lang='lat' dir='ltr'><em>consilium</em></span> <span class='ocrx_word' id='word_1_179' title='bbox 1240 3477 1271 3543; x_wconf 86' lang='lat' dir='ltr'><em>ei</em></span> <span class='ocrx_word' id='word_1_180' title='bbox 1290 3500 1368 3566; x_wconf 84' lang='lat' dir='ltr'><em>sug·</em></span> 
     </span>
     <span class='ocr_line' id='line_1_23' title="bbox 236 3586 1366 3680; baseline 0 -23"><span class='ocrx_word' id='word_1_181' title='bbox 236 3600 370 3680; x_wconf 80' lang='lat' dir='ltr'><em>gerente</em></span> <span class='ocrx_word' id='word_1_182' title='bbox 395 3589 509 3656; x_wconf 86' lang='lat' dir='ltr'><em>Terra.</em></span> <span class='ocrx_word' id='word_1_183' title='bbox 566 3586 685 3676; x_wconf 84' lang='lat' dir='ltr'><em>Qualis</em></span> <span class='ocrx_word' id='word_1_184' title='bbox 709 3589 807 3655; x_wconf 89' lang='lat' dir='ltr'><em>dolus</em></span> <span class='ocrx_word' id='word_1_185' title='bbox 840 3587 964 3670; x_wconf 82' lang='lat' dir='ltr'><em>fuerit,</em></span> <span class='ocrx_word' id='word_1_186' title='bbox 995 3589 1036 3659; x_wconf 84' lang='lat' dir='ltr'><em>ab</em></span> <span class='ocrx_word' id='word_1_187' title='bbox 1059 3590 1200 3656; x_wconf 88' lang='lat' dir='ltr'><em>Hesiodo</em></span> <span class='ocrx_word' id='word_1_188' title='bbox 1219 3614 1289 3656; x_wconf 88' lang='lat' dir='ltr'><em>nou</em></span> <span class='ocrx_word' id='word_1_189' title='bbox 1312 3591 1366 3657; x_wconf 90' lang='lat' dir='ltr'><em>di·</em></span> 
     </span>
     <span class='ocr_line' id='line_1_24' title="bbox 235 3700 1366 3790; baseline 0.001 -22"><span class='ocrx_word' id='word_1_190' title='bbox 235 3703 335 3770; x_wconf 85' lang='lat' dir='ltr'><em>citur.</em></span> <span class='ocrx_word' id='word_1_191' title='bbox 360 3702 479 3767; x_wconf 79' lang='lat' dir='ltr'><em>Tradit</em></span> <span class='ocrx_word' id='word_1_192' title='bbox 503 3701 659 3790; x_wconf 82' lang='lat' dir='ltr'><em>Apollod.</em></span> <span class='ocrx_word' id='word_1_193' title='bbox 685 3700 710 3767; x_wconf 89' lang='lat' dir='ltr'><em>l.</em></span> <span class='ocrx_word' id='word_1_194' title='bbox 735 3700 796 3766; x_wconf 89' lang='grc' dir='ltr'><strong>ΙΙΙ.</strong></span> <span class='ocrx_word' id='word_1_195' title='bbox 817 3724 888 3790; x_wconf 72' lang='lat' dir='ltr'><em>pn,</em></span> <span class='ocrx_word' id='word_1_196' title='bbox 913 3701 1026 3767; x_wconf 87' lang='lat' dir='ltr'><em>lovem</em></span> <span class='ocrx_word' id='word_1_197' title='bbox 1046 3701 1202 3768; x_wconf 85' lang='lat' dir='ltr'><em>adultum</em></span> <span class='ocrx_word' id='word_1_198' title='bbox 1224 3703 1366 3769; x_wconf 88' lang='lat' dir='ltr'><em>adiutri-</em></span> 
     </span>
    </p>
   </div>
   <div class='ocr_carea' id='block_1_10' title="bbox 100 3813 1365 3897">
    <p class='ocr_par' dir='ltr' id='par_1_10' title="bbox 100 3813 1365 3897">
     <span class='ocr_line' id='line_1_25' title="bbox 100 3813 1365 3897; baseline 0 -15"><span class='ocrx_word' id='word_1_199' title='bbox 100 3838 103 3857; x_wconf 66' lang='lat'><strong><em>¹</em></strong></span> <span class='ocrx_word' id='word_1_200' title='bbox 235 3836 309 3882; x_wconf 87' lang='lat' dir='ltr'><em>cem</em></span> <span class='ocrx_word' id='word_1_201' title='bbox 335 3813 400 3881; x_wconf 89' lang='lat' dir='ltr'><em>sibi</em></span> <span class='ocrx_word' id='word_1_202' title='bbox 432 3814 566 3880; x_wconf 84' lang='lat' dir='ltr'><em>sociasse</em></span> <span class='ocrx_word' id='word_1_203' title='bbox 589 3814 770 3892; x_wconf 88' lang='lat' dir='ltr'><em>Metidem,</em></span> <span class='ocrx_word' id='word_1_204' title='bbox 798 3813 932 3883; x_wconf 63' lang='lat' dir='ltr'><em>Oceani,</em></span> <span class='ocrx_word' id='word_1_205' title='bbox 947 3815 1074 3897; x_wconf 82' lang='lat' dir='ltr'><em>filiam3</em></span> <span class='ocrx_word' id='word_1_206' title='bbox 1099 3815 1141 3881; x_wconf 89' lang='lat' dir='ltr'><em>ab</em></span> <span class='ocrx_word' id='word_1_207' title='bbox 1163 3816 1226 3882; x_wconf 84' lang='lat' dir='ltr'><em>hac</em></span> <span class='ocrx_word' id='word_1_208' title='bbox 1247 3818 1365 3883; x_wconf 88' lang='lat' dir='ltr'><em>datum</em></span> 
     </span>
    </p>
   </div>
   <div class='ocr_carea' id='block_1_11' title="bbox 235 3927 1448 4369">
    <p class='ocr_par' dir='ltr' id='par_1_11' title="bbox 235 3927 1448 4369">
     <span class='ocr_line' id='line_1_26' title="bbox 236 3927 1366 4020; baseline 0.001 -25"><span class='ocrx_word' id='word_1_209' title='bbox 236 3927 350 3999; x_wconf 82' lang='lat' dir='ltr'><em>Crono</em></span> <span class='ocrx_word' id='word_1_210' title='bbox 371 3929 551 3995; x_wconf 84' lang='lat' dir='ltr'><em>emeticum</em></span> <span class='ocrx_word' id='word_1_211' title='bbox 575 3928 715 4018; x_wconf 67' lang='lat' dir='ltr'><em>ooigisse</em></span> <span class='ocrx_word' id='word_1_212' title='bbox 740 3950 820 3995; x_wconf 88' lang='lat' dir='ltr'><em>eum</em></span> <span class='ocrx_word' id='word_1_213' title='bbox 841 3929 882 3994; x_wconf 88' lang='lat' dir='ltr'><em>ad</em></span> <span class='ocrx_word' id='word_1_214' title='bbox 896 3930 1120 4001; x_wconf 84' lang='lat' dir='ltr'><em>evomendum</em></span> <span class='ocrx_word' id='word_1_215' title='bbox 1142 3931 1257 4020; x_wconf 87' lang='lat' dir='ltr'><em>primo</em></span> <span class='ocrx_word' id='word_1_216' title='bbox 1279 3930 1366 4020; x_wconf 88' lang='lat' dir='ltr'><em>lapi·</em></span> 
     </span>
     <span class='ocr_line' id='line_1_27' title="bbox 235 4030 1448 4129; baseline 0.005 -20"><span class='ocrx_word' id='word_1_217' title='bbox 235 4037 331 4121; x_wconf 88' lang='lat' dir='ltr'><em>dem,</em></span> <span class='ocrx_word' id='word_1_218' title='bbox 354 4041 475 4109; x_wconf 88' lang='lat' dir='ltr'><em>deinde</em></span> <span class='ocrx_word' id='word_1_219' title='bbox 496 4040 630 4120; x_wconf 85' lang='lat' dir='ltr'><em>liberos,</em></span> <span class='ocrx_word' id='word_1_220' title='bbox 653 4063 736 4129; x_wconf 89' lang='lat' dir='ltr'><em>quos</em></span> <span class='ocrx_word' id='word_1_221' title='bbox 757 4040 795 4105; x_wconf 90' lang='lat' dir='ltr'><em>in</em></span> <span class='ocrx_word' id='word_1_222' title='bbox 818 4053 971 4108; x_wconf 81' lang='lat' dir='ltr'><em>ventrem</em></span> <span class='ocrx_word' id='word_1_223' title='bbox 993 4042 1180 4110; x_wconf 85' lang='lat' dir='ltr'><em>demiserat.</em></span> <span class='ocrx_word' id='word_1_224' title='bbox 1227 4043 1314 4110; x_wconf 87' lang='lat' dir='ltr'><em>Haec</em></span> <span class='ocrx_word' id='word_1_225' title='bbox 1334 4044 1365 4110; x_wconf 86' lang='lat' dir='ltr'><em>ei</em></span> <span class='ocrx_word' id='word_1_226' title='bbox 1446 4030 1448 4115; x_wconf 47' lang='grc' dir='ltr'><em>ᾦ</em></span> 
     </span>
     <span class='ocr_line' id='line_1_28' title="bbox 235 4144 1447 4245; baseline 0.003 -24"><span class='ocrx_word' id='word_1_227' title='bbox 235 4158 372 4244; x_wconf 87' lang='lat' dir='ltr'><em>antiqua</em></span> <span class='ocrx_word' id='word_1_228' title='bbox 402 4169 436 4225; x_wconf 85' lang='lat' dir='ltr'><em>et</em></span> <span class='ocrx_word' id='word_1_229' title='bbox 467 4157 608 4223; x_wconf 87' lang='lat' dir='ltr'><em>Hesiodo</em></span> <span class='ocrx_word' id='word_1_230' title='bbox 636 4168 716 4221; x_wconf 90' lang='lat' dir='ltr'><em>nota</em></span> <span class='ocrx_word' id='word_1_231' title='bbox 742 4153 811 4220; x_wconf 84' lang='lat' dir='ltr'><em>fuit</em></span> <span class='ocrx_word' id='word_1_232' title='bbox 832 4154 964 4235; x_wconf 86' lang='lat' dir='ltr'><em>fabula,</em></span> <span class='ocrx_word' id='word_1_233' title='bbox 989 4168 1097 4245; x_wconf 88' lang='lat' dir='ltr'><em>potest</em></span> <span class='ocrx_word' id='word_1_234' title='bbox 1123 4157 1186 4224; x_wconf 91' lang='lat' dir='ltr'><em>ille</em></span> <span class='ocrx_word' id='word_1_235' title='bbox 1213 4159 1363 4225; x_wconf 83' lang='lat' dir='ltr'><em>statuisse</em></span> <span class='ocrx_word' id='word_1_236' title='bbox 1445 4144 1447 4151; x_wconf 40' lang='lat'><strong>¹</strong></span> 
     </span>
     <span class='ocr_line' id='line_1_29' title="bbox 235 4265 1445 4369; baseline 0.006 -36"><span class='ocrx_word' id='word_1_237' title='bbox 235 4266 276 4335; x_wconf 88' lang='lat' dir='ltr'><em>dc</em></span> <span class='ocrx_word' id='word_1_238' title='bbox 298 4268 420 4335; x_wconf 85' lang='lat' dir='ltr'><em>Terrae</em></span> <span class='ocrx_word' id='word_1_239' title='bbox 446 4266 588 4335; x_wconf 89' lang='lat' dir='ltr'><em>coneilio</em></span> <span class='ocrx_word' id='word_1_240' title='bbox 609 4266 732 4369; x_wconf 80' lang='lat' dir='ltr'><em>sociam</em></span> <span class='ocrx_word' id='word_1_241' title='bbox 755 4265 869 4337; x_wconf 81' lang='lat' dir='ltr'><em>Iovem</em></span> <span class='ocrx_word' id='word_1_242' title='bbox 890 4266 956 4334; x_wconf 86' lang='lat' dir='ltr'><em>sibi</em></span> <span class='ocrx_word' id='word_1_243' title='bbox 980 4269 1152 4338; x_wconf 86' lang='lat' dir='ltr'><em>adscivisse</em></span> <span class='ocrx_word' id='word_1_244' title='bbox 1179 4270 1358 4350; x_wconf 88' lang='lat' dir='ltr'><em>Metidem,</em></span> <span class='ocrx_word' id='word_1_245' title='bbox 1443 4338 1445 4361; x_wconf 70' lang='lat'><strong><em>‚</em></strong></span> 
     </span>
    </p>
   </div>
   <div class='ocr_carea' id='block_1_12' title="bbox 0 0 1488 5209">
    <p class='ocr_par' dir='ltr' id='par_1_12' title="bbox 0 0 1488 5209">
     <span class='ocr_line' id='line_1_30' title="bbox 0 0 1488 5209; baseline 0 5"><span class='ocrx_word' id='word_1_246' title='bbox 0 0 1488 5209; x_wconf 95' lang='lat' dir='ltr'><em> </em></span> 
     </span>
    </p>
   </div>
  </div>
 </body>
</html>
