2967 5209
484 504 515 551 m
539 505 663 553 rustum
687 507 902 556 massonus.
1187 489 1262 562 153

124 671 202 738 vult
223 656 281 737 ἐπὶ
305 648 367 738 iris
390 659 669 766 ἀδαλεσχαύντων
692 670 751 744 καὶ
775 668 1048 772 μυθολογούντων
1068 673 1258 773 παράδοξα.

124 783 337 873 Porphyrius
371 786 410 853 in
438 786 518 856 Vita
546 790 674 858 Plotini
707 815 737 858 c.
772 795 826 859 22.
860 816 994 863 versum
1028 797 1129 864 hnno'
1152 799 1191 865 in
1224 823 1261 867 sa

122 897 305 964 convenire
338 899 441 980 dicit,
472 902 532 989 qui
565 902 729 993 digressus
760 929 779 974 a
810 905 939 975 Plotini
969 909 1146 992 laudibus,
1176 935 1285 1007 quas*
1378 892 1388 905 ¹

122 1011 336 1079 oelebrandas
358 1012 423 1081 sibi
445 1030 681 1105 proposuerat,
701 1017 743 1084 de
763 1041 798 1085 se
822 1019 1143 1107 quaedam'looutus
1164 1036 1258 1093 esset.

122 1121 256 1211 Quidni
277 1148 357 1191 oum
380 1127 445 1194 illo
473 1149 608 1196 versum
633 1132 673 1198 in
695 1132 788 1199 huno
811 1156 944 1200 sensum
972 1135 1190 1225 arripiamus,
1216 1151 1258 1203 ut

121 1238 240 1325 poeta,
263 1239 333 1326 qui,
358 1262 438 1305 cum
456 1240 567 1309 Musas
587 1242 653 1310 sibi
672 1243 884 1312 celebrandas
904 1246 1066 1314 carminis
1085 1250 1256 1340 principio

120 1348 308 1430 sumsisset,
330 1351 412 1418 hinc
434 1353 597 1442 digressus
613 1357 722 1424 adsui
739 1358 949 1424 mentionem
970 1356 1092 1440 fuerat,
1110 1362 1257 1429 bociam

120 1462 195 1552 ipse
223 1462 263 1530 in
287 1486 321 1530 se
340 1477 455 1554 carpat
477 1466 607 1532 dicens:
643 1457 739 1535 ἄλλα
762 1460 815 1549 τίη
835 1487 895 1556 μοι
914 1469 1026 1536 ταῦτα
1046 1465 1121 1562 rep)
1143 1460 1257 1563 δρῦνῆ

121 1565 198 1663 περὶ
222 1567 366 1665 πέτρηνς
399 1577 454 1646 Sic
483 1601 613 1668 quoque
635 1580 771 1648 Scholia
800 1583 889 1650 edita
910 1605 964 1671 pr.
989 1573 1097 1675 ὥσπερ
1122 1576 1257 1676 limpor

121 1674 231 1770 ἐφάνη
265 1681 356 1779 αὐτῷ
389 1683 409 1772 ἡ
444 1683 625 1778 ὁμιλία,
612 1684 707 1783 arip
685 1684 794 1778 ’ξατο
819 1688 1005 1821 λέγεινβ
986 1718 1037 1765 οτι
1062 1692 1098 1766 αἱ
1121 1700 1256 1767 Μοῦσαι

121 1787 248 1868 ἔδωκάν
272 1822 352 1889 μοι,
378 1799 435 1870 καὶ
458 1798 583 1944 ταλλα.

92 2104 95 2113 ¹
165 2033 265 2097 aaa
283 2055 373 2120 seqq.
400 2034 500 2101 Pobta
523 2047 627 2101 semet
644 2037 715 2124 ipss
742 2037 838 2125 quasi
863 2037 1170 2128 increpans,..lga,
1196 2037 1255 2104 in-

11 2228 12 2241 *
48 2184 54 2197 .
117 2143 211 2231 quit,
237 2144 394 2225 Hesiode,
424 2146 600 2213 ordiamur
633 2171 653 2214 a
681 2147 798 2215 Musis.
852 2149 940 2216 llinc
971 2151 1088 2216 statim
1118 2150 1256 2216 subiicit

11 2252 12 2263 ²
117 2257 296 2325 Musarum
310 2260 502 2349 praeeonia:
526 2260 640 2327 lovem
655 2260 735 2331 illae
753 2262 792 2329 in
810 2262 916 2351 ipsius
936 2260 1027 2350 regia
1041 2260 1088 2350 (v.
1110 2263 1163 2328 at.
1183 2257 1253 2349 40.)

11 2422 12 2427 η
115 2373 267 2439 canendo
287 2371 475 2454 oblectant,
489 2385 653 2442 consentu
672 2397 732 2440 suo
751 2374 949 2465 praesentia,
971 2372 1090 2439 futura
1114 2385 1148 2439 et
1161 2396 1255 2462 prae·

32 2572 34 2575 ι
115 2486 220 2552 terita
245 2487 461 2554 celebrantes.
501 2487 677 2557 Musarum
696 2511 779 2555 vooe
793 2488 934 2555 eandida
958 2486 1005 2576 (v.
1030 2483 1096 2576 41.)
1119 2486 1255 2554 exhila-

12 2642 13 2645 =
114 2610 241 2664 rantur
271 2599 360 2667 lovis
380 2602 488 2680 aedes,
521 2612 654 2667 resonat
673 2599 820 2692 Olympi
842 2612 981 2680 vertex,
1006 2612 1163 2666 resonant
1184 2599 1254 2666 im·

12 2754 13 2791 3
115 2712 322 2783 mortalium
344 2712 394 2779 ibi
413 2713 545 2779 domus.
588 2714 683 2779 Facit
699 2725 811 2779 autem
836 2716 937 2803 poeta
957 2713 1067 2779 Musas
1088 2736 1125 2781 ea
1142 2713 1253 2781 maxi·

12 2900 13 2913 χ
115 2846 175 2890 me
199 2823 403 2892 celebrantes
423 2848 458 2892 v.
477 2826 520 2893 44
541 2847 628 2914 seqq.
650 2848 735 2913 quae
750 2826 816 2891 sibi
831 2848 963 2914 quoque
977 2824 1048 2912 ipse
1058 2823 1254 2892 celebranda

12 3026 13 3037 ἵ
114 2950 299 3019 sumserat,
330 2938 603 3025 antiquissimum
632 2939 781 3004 Deorum
806 2960 950 3026 genusa
972 2938 1077 3005 Terra
1095 2961 1132 3003 ao
1150 2936 1252 3004 Coelo

12 3100 13 3103 ,
50 3038 60 3050 “
114 3051 285 3141 originem
304 3052 546 3132 ducens,‘hino
571 3053 635 3118 illo
655 3073 775 3141 genere
796 3063 1001 3140 prognatum
1023 3051 1148 3130 Iovem,
1167 3051 1253 3117 Deo·

36 3148 41 3157 ’
113 3186 200 3230 rum
220 3163 399 3230 iuniorum
422 3163 462 3231 in
481 3164 637 3231 homines
654 3163 881 3230 beneficorum
900 3175 1050 3261 patrem,
1071 3186 1171 3251 quem
1195 3186 1252 3230 oe·

13 3316 14 3323 κ
74 3272 76 3277 ’
112 3276 285 3345 lebrantea
308 3277 421 3343 Musae
445 3276 487 3342 ab
499 3277 564 3345 has
576 3299 614 3342 re
632 3276 776 3343 initium
790 3275 931 3356 ducant,
947 3276 986 3342 in
1004 3277 1069 3343 hac
1083 3277 1248 3356 desinant,

112 3401 157 3455 ut
175 3411 257 3454 eum
281 3388 398 3455 ceteris
424 3389 497 3455 Diis
522 3388 679 3456 omnibus
707 3399 875 3479 praestare
899 3388 1015 3463 dicant
1035 3389 1188 3479 potentia
1214 3412 1251 3455 ac
1323 3379 1328 3385 ⁶

114 3501 323 3592 principatu.
368 3502 471 3568 Porro
491 3505 591 3591 pobta
613 3503 724 3570 Musas
741 3502 909 3583 oblectare
925 3503 1028 3569 etiam
1048 3504 1137 3572 Iovis
1153 3526 1253 3569 men·

115 3628 186 3682 tem
200 3616 251 3682 ait
271 3615 565 3682 commemorando
583 3639 687 3706 genus
706 3616 890 3683 hominum
910 3639 948 3683 ao
963 3614 1162 3704 Gigantum.
1180 3614 1251 3682 Soi-

113 3730 197 3796 lioet
217 3727 432 3818 pertinebant
456 3728 518 3794 illa
542 3751 673 3816 quoque
692 3730 747 3794 vel
769 3728 922 3794 maxime
944 3728 985 3794 ad
1004 3729 1119 3794 laudes
1144 3727 1248 3806 lovis,

114 3843 300 3909 hominum
318 3840 427 3930 patris
445 3851 544 3928 atque
564 3842 668 3929 regis,
694 3841 908 3929 eiusdemque
929 3841 1115 3929 Gigantum
1136 3840 1250 3907 domi·

114 3955 210 4022 toris.
256 3948 433 4042 Quomodo
459 3973 557 4017 suam
582 3953 622 4019 in
647 3951 803 4020 homines
824 3954 1016 4041 praevalere
1038 3953 1247 4042 potentiam,

14 4156 15 4163 ἵ
114 4067 337 4158 nequisquam
359 4067 553 4134 adversante
578 4065 796 4144 Prometheo,
823 4065 954 4155 Iupiter
970 4065 1170 4147 ostenderit,
1191 4066 1247 4134 de·

115 4180 264 4248 claretur
295 4176 389 4247 infra
416 4201 453 4248 v.
475 4181 540 4247 535
562 4201 651 4268 seqq.
677 4178 799 4266 quibus
819 4178 947 4247 similia
974 4191 1054 4246 sunt
1084 4178 1124 4247 iu
1149 4161 1247 4271 Ἕργ.

116 4312 149 4357 v.
172 4294 214 4358 47
235 4305 401 4389 seqq.,4ut
428 4292 551 4382 passim
572 4291 610 4358 in
630 4291 694 4359 illo
717 4286 867 4367 carmine
892 4292 1086 4367 oalabrstnr
1101 4294 1190 4364 lovis
1208 4295 1247 4361 in
