2967 5209
481 529 513 575 nt
528 530 660 578 amoni
683 520 896 580 suessonis.
916 512 920 525 '
1176 509 1249 582 225

119 694 350 762 Commentat.
372 697 526 788 Gotting.
547 701 586 766 T.
608 701 651 769 ll.
675 725 710 790 p.
736 704 812 770 141.
831 714 1001 782 statuerat,
1019 704 1071 769 vel
1088 704 1246 769 excidisse

121 828 267 886 versum,
285 830 352 895 quo
374 803 487 881 noos>
509 813 783 894 nominabantur,
806 815 861 881 vel
883 801 952 879 οἵτ’
973 802 1094 902 ἀνδρῶν
1114 834 1146 880 νο.
1167 817 1245 880 aaa.

118 940 140 982 a
161 919 268 984 Parcis
287 921 488 1010 seiungenda
507 936 541 988 et
555 926 755 1014 accipienda,
772 941 836 990 tum
852 950 909 990 eae
931 927 984 1011 (sc.
996 902 1146 1012 Poenae),
1166 950 1247 1016 qaae
1278 910 1280 913 ⁸
1339 924 1349 947 ‘

116 1043 179 1096 cet.
219 1032 247 1097 I.
270 1032 312 1098 H.
333 1033 477 1115 Vossius,
496 1037 651 1103 reddens:
674 1039 768 1102 Aaclr
791 1039 843 1102 die
860 1038 970 1103 Piinen
990 1039 1092 1128 gabar
1106 1048 1175 1122 sia,
1195 1040 1248 1103 dte

112 1166 271 1229 grassum
292 1145 458 1234 strqfcnde
484 1150 612 1228 Keren,
634 1154 802 1217 incertum
828 1162 893 1230 est,
917 1163 1036 1216 utrum
1065 1130 1189 1240 Μοὶρόις
1209 1175 1246 1217 ea

116 1255 362 1342 significatione
381 1261 557 1349 acceperit,
580 1282 623 1328 an
648 1286 710 1351 pro
730 1265 869 1329 nomine
889 1264 951 1330 illo
974 1255 1096 1334 Ποινοιι
1117 1264 1247 1353 reposi-

117 1378 196 1431 tum
222 1367 260 1433 in
287 1392 319 1435 v.
351 1371 416 1436 217
440 1375 598 1440 voluerit.
644 1375 734 1441 Mihi
752 1377 823 1465 ipsa
846 1377 926 1442 haec
945 1377 1133 1443 Poenarum
1152 1377 1272 1443 notio·

117 1478 225 1545 inesse
238 1481 373 1547 videtur
391 1484 430 1550 in
448 1484 598 1574 epitheto
619 1481 852 1571 νηλεοποίνους,
873 1499 907 1553 et
929 1482 1031 1577 Κῆροις
1052 1490 1150 1576 poeta
1164 1489 1248 1553 tales

115 1591 187 1657 sibi
211 1593 293 1659 Deas
316 1594 530 1679 informasse,
561 1601 672 1685 quales
697 1601 830 1666 serioris
851 1604 923 1667 aevi
946 1602 1099 1667 homines
1126 1588 1248 1669 Ποινὰς
1365 1590 1368 1599 ¹

114 1704 292 1773 dixerunt.
327 1704 382 1772 Sic
401 1709 474 1775 Laii
490 1711 573 1775 caesi
595 1711 779 1777 vindictam
798 1711 949 1801 persequi
967 1712 1129 1777 dicuntur
1150 1704 1247 1799 Κῆρες

114 1804 310 1897 bamma)
331 1820 420 1908 apud
445 1819 645 1910 Sophoclem
663 1821 747 1889 Oed.
768 1825 851 1912 Tyr.
872 1847 904 1892 v.
925 1824 1001 1890 472.
1018 1824 1080 1890 Ed.
1099 1823 1243 1890 Brunck.

112 1952 157 1994 ac
181 1929 343 1995 similiter
369 1930 509 2000 Oresten
532 1957 621 2000 caasa
641 1947 751 2000 matre
773 1936 926 2024 persequi
950 1923 1049 2000 decretl
1063 1928 1172 2021 Κῆρες,
1186 1955 1247 2000 νιν·

113 2029 251 2113 νῶπιδες
276 2031 345 2110 θεοὶ
368 2045 456 2134 apud
484 2047 682 2134 Euripidem
707 2048 837 2114 Electr.
854 2072 887 2114 v.
913 2050 1009 2114 1253.
1036 2049 1098 2115 Ed.
1123 2049 1244 2114 Matth.

112 2142 244 2243 Μοίρας
264 2142 373 2246 impia
397 2154 485 2223 facta
511 2170 696 2225 aversantes
716 2161 815 2227 novit
837 2161 939 2227 etiam
961 2162 1123 2228 Pindarus
1144 2162 1245 2250 Pyth.
1291 2154 1294 2161 ’

113 2268 177 2336 IV.
202 2270 267 2337 258
291 2293 378 2360 seqq.

161 2381 332 2448 Vocabulo
363 2373 592 2471 παραιβασίας
612 2410 711 2453 usum
722 2388 905 2454 Hesiodum
920 2350 1246 2453 testatur'Eustatht·

111 2517 156 2557 us
181 2494 223 2560 ad
252 2494 293 2562 ll.
318 2518 353 2584 p.
378 2498 456 2564 802.
482 2501 533 2565 19.
558 2502 612 2566 20.

161 2740 196 2782 v.
220 2722 296 2787 223.
330 2712 434 2787 Tisse
458 2707 495 2791 ab
521 2715 578 2790 aa>
602 2717 763 2816 Νέμεσιν)
792 2729 912 2796 Vltrix
935 2728 1016 2795 haec
1039 2727 1244 2794 iniuriarum

111 2845 151 2900 ct
170 2834 344 2923 superbiae
373 2837 554 2905 Dea-culta
581 2837 651 2905 fuit
679 2841 830 2907 maxime
858 2840 1077 2906 Rhamnunte
1097 2838 1244 2916 Atticae,

112 2945 178 3012 ubi
199 2949 338 3034 qnidam
361 2972 434 3016 earn
452 2948 575 3019 Oceani
593 2952 702 3019 filiam
726 2931 910 3032 faciebant,
935 2963 1016 3018 teste
1035 2953 1195 3018 Pausania
1215 2952 1243 3015 l.

112 3063 172 3128 33.
195 3061 315 3126 tradit
334 3063 423 3128 idem
443 3063 519 3133 Vll.
543 3065 597 3133 20.
617 3063 718 3131 fuisse
737 3067 808 3131 eius
828 3066 997 3153 templum
1012 3065 1112 3129 etiam
1127 3062 1244 3130 Patris.

160 3172 274 3239 Noctis
290 3174 400 3240 filiam
423 3175 579 3243 Nemesin
603 3176 723 3242 habuit
743 3178 845 3243 etiam
862 3175 1015 3264 Hyginus
1031 3176 1056 3240 l.
1077 3196 1117 3243 οι
1136 3197 1246 3263 neque

113 3286 218 3352 aliter
240 3283 436 3374 Smyrnaei,
460 3300 542 3356 testa
562 3291 722 3356 Pausania
743 3290 821 3359 Vll.
843 3291 886 3358 V.
911 3293 943 3357 3.

88 3598 99 3611 .
162 3535 197 3580 v.
217 3515 283 3580 224
303 3506 488 3582 insititiam
507 3517 698 3585 habuerunt
714 3517 948 3597 Ruhnkenius,
970 3515 1248 3606 Heynius,Wol·

115 3627 193 3692 lius.
239 3627 312 3692 Iam
330 3626 493 3716 Guyetus,
517 3619 684 3716 Φιλοτητοι
705 3654 776 3697 non
796 3630 916 3710 ferens,
939 3652 1003 3718 pro
1021 3651 1060 3695 eo
1082 3617 1247 3706 δολότητοι

115 3739 304 3828 repositum
322 3739 475 3822 volebat,
501 3744 589 3831 quod
609 3765 652 3808 ne
671 3742 836 3810 Graecum
852 3743 989 3831 quidem
1009 3753 1066 3806 est.
1114 3741 1165 3807 ad
1186 3734 1247 3825 Φι-

117 3841 248 3939 λοτητοι
266 3853 419 3920 maxime
439 3854 576 3920 offendit
598 3856 701 3922 etiam
720 3856 880 3927 Wolfius.
919 3852 981 3920 Sed
1004 3853 1092 3941 apud
1115 3852 1246 3920 Cicero·

118 3986 200 4033 nem
227 3988 356 4053 quoque
384 3968 408 4033 l.
439 3990 467 4033 c.
496 3967 586 4034 inter
605 3969 717 4035 Noctis
743 3969 867 4035 liberos
887 3978 1095 4035 memoratur
1124 3968 1244 4046 Amor,

118 4080 209 4168 apud
229 4080 405 4169 Hyginum
424 4084 596 4165 Amatae,
617 4082 705 4149 sicut
722 4084 779 4150 bic
794 4080 976 4147 Amicitiam
999 4080 1173 4147 reddidere
1191 4079 1247 4145 lna

119 4203 306 4280 terpretum
337 4196 499 4282 plerique.
547 4195 593 4262 At
616 4209 705 4263 recte
735 4198 774 4264 L.
801 4195 954 4263 Barlaeus
985 4183 1034 4258 tlt
1060 4179 1247 4281 ἀφροδίσια

119 4303 357 4393 interpretatus
376 4319 438 4387 est,
460 4331 526 4397 quo
541 4308 730 4398 significatu
753 4312 821 4375 iam
841 4306 1023 4375 Scholiasta
1044 4305 1146 4372 etiam
1160 4328 1247 4371 acoe-

1045 4420 1091 4493 15
