2967 5209
250 487 324 564 ’286
693 515 932 563 consensurus

246 695 377 775 quisquc
398 699 587 764 nasceretur,
611 687 740 751 dictum
763 687 804 754 de
826 709 920 753 more
934 687 1035 774 prisci
1050 686 1222 766 sermonis,
1240 687 1375 774 singula
1453 682 1454 751 l

248 799 287 865 sd
312 799 430 865 vivum
453 797 674 886 depingentis.

291 1048 346 1091 vv.
381 1026 567 1092 tot-465.
605 1024 727 1104 Causa,
762 1047 822 1089 cur
852 1037 946 1090 ustos
972 1047 1015 1090 ex
1041 1048 1074 1090 se
1096 1025 1219 1091 liberos
1242 1024 1375 1092 Cronus

246 1136 460 1226 deglutiendo
486 1158 623 1202 rursum
649 1137 686 1202 in
707 1159 741 1203 se
760 1138 970 1215 reconderet,
995 1138 1076 1202 haec
1099 1135 1265 1215 refertur,
1284 1137 1374 1223 quod

245 1252 294 1317 ita
317 1262 454 1317 cautum
476 1250 625 1329 volebat,
648 1274 690 1318 ne
711 1252 786 1339 quis
812 1251 898 1316 alius
923 1253 964 1316 de
984 1263 1080 1340 gente
1098 1251 1204 1320 Vrani
1224 1252 1374 1317 Deorum

246 1351 478 1452 (Οὐρανιώνων)
500 1384 641 1452 regnum
665 1365 834 1454 eriperent
853 1365 902 1442 ei,
929 1364 982 1428 cui
1009 1363 1252 1452 praedixissent
1269 1364 1374 1429 Terra

246 1488 345 1564 etque
374 1476 524 1556 Vranus,
559 1473 649 1556 fore,
681 1489 719 1542 ut
742 1500 762 1542 a
783 1477 857 1542 filio
879 1477 1083 1543 domaretur.
1129 1476 1324 1542 Promethei
1340 1476 1372 1540 id

245 1592 422 1655 oraculum
436 1587 547 1669 fuisse,
566 1590 614 1656 ait
630 1590 785 1657 Clemens
801 1590 900 1656 Hom.
917 1589 976 1658 Vl.
993 1591 1025 1655 2.
1049 1591 1100 1673 (Τ.
1115 1590 1141 1657 Ι.
1161 1612 1195 1678 p.
1216 1591 1294 1656 668.
1311 1590 1373 1655 Ed.

133 1781 137 1790 ‚
177 1727 188 1735 ·
247 1700 383 1789 Cotel.),
404 1704 463 1790 qui
483 1725 559 1768 suos
579 1702 734 1770 habuisse
748 1714 896 1768 auctores
911 1715 1036 1790 potest3
1054 1703 1207 1790 quamvis
1218 1702 1373 1789 equidem

245 1837 284 1880 eo
301 1815 469 1903 pertinere
487 1839 556 1882 non
567 1816 688 1881 ducam
708 1813 870 1902 Aeschyli
886 1817 999 1881 locum
1008 1815 1046 1880 in
1055 1816 1165 1881 Prom.
1177 1838 1209 1881 v.
1223 1818 1300 1881 993.
1310 1815 1371 1882 Ed.

246 1925 369 1994 Btomf.
382 1928 427 1993 At
437 1928 509 1995 lovi
517 1930 628 1994 simile
638 1929 719 2016 quid
730 1929 975 2016 praedicentem
988 1929 1225 1994 Prometheum
1242 1929 1372 1993 inducit

247 2026 431 2129 Aeschylus
453 2042 535 2109 ibid.
561 2065 593 2106 v.
620 2046 695 2109 793.
708 2043 887 2109 Hesiodum
902 2043 1219 2132 sequiturApollod.
1232 2043 1258 2109 1.
1276 2042 1302 2109 Ι.
1320 2048 1370 2108 16.
1454 2080 1455 2091 ν

212 2318 225 2333 ,
291 2288 324 2334 v.
353 2267 416 2331 465
448 2267 580 2354 spurius
607 2268 696 2333 visus
724 2268 878 2356 (inpete,
901 2267 1054 2355 Heynio,
1071 2267 1222 2347 Wolfio,
1241 2267 1372 2331 uncinis

249 2379 397 2445 inclusus
415 2379 638 2447 aGaisfordio
657 2404 693 2446 ac
711 2381 900 2447 Dindorfio.
928 2380 1024 2445 Tuiti
1044 2381 1147 2446 illum
1164 2391 1243 2446 sunt
1260 2379 1371 2445 Goett·

248 2489 374 2578 lingius
397 2503 430 2556 et
452 2491 671 2558 Muetnellius.
698 2491 798 2559 Conf.
823 2493 921 2560 Varr.
946 2494 1050 2559 Lectt.

293 2740 326 2782 v.
349 2717 412 2783 468
431 2738 517 2804 seqq.
543 2716 652 2795 Rhea,
683 2740 762 2783 cum
781 2720 819 2783 in
841 2741 879 2784 eo
900 2731 997 2799 esset,
1029 2731 1070 2786 ut
1089 2721 1203 2788 Iovem
1224 2733 1370 2810 pareret,
1454 2626 1457 2785 l

247 2853 325 2894 cum
347 2830 541 2918 parentibus
559 2831 739 2898 consilinm
760 2833 851 2913 iniit,
873 2856 949 2921 quo,
975 2834 1140 2900 meritum
1160 2838 1233 2924 ipsa
1253 2838 1291 2901 in
1315 2858 1371 2923 ps·

248 2944 367 3009 riendo
388 2942 509 3010 fallens
529 2956 563 3009 et
584 2944 631 3010 sic
653 2956 773 3011 natum
792 2968 937 3034 puerum
952 2947 983 3012 ei
997 2945 1190 3027 subducens,
1208 2949 1257 3014 ita
1270 2948 1372 3013 simul

249 3057 339 3122 viem
362 3068 523 3122 sterneret
545 3057 585 3122 ad
607 3058 827 3146 repetendum
842 3058 935 3125 abeo
949 3082 1071 3148 poenas
1085 3060 1187 3149 impii
1203 3058 1370 3126 facinoris.

296 3305 328 3349 v.
357 3282 420 3348 472
442 3304 507 3370 seq.
530 3276 661 3348 τὶσνντν
689 3271 720 3349 δ’
745 3273 858 3374 {prusis
877 3277 1002 3373 auspic
1020 3277 1082 3350 ἑνΐν
1103 3305 1135 3351 κ.
1156 3304 1190 3350 ν.
1211 3275 1264 3373 λ.)
1286 3273 1371 3351 ἀπο·

251 3387 349 3459 τίνειν
362 3381 474 3481 {prusis
496 3396 631 3475 dicitur,
655 3398 713 3485 qui
734 3422 856 3487 poenas
874 3398 974 3487 impii
994 3397 1153 3464 facinoris
1171 3400 1285 3467 solvit.
1296 3399 1371 3468 Vid.

251 3506 293 3574 Il.
317 3506 355 3571 Φ.
382 3510 457 3574 412.
480 3497 638 3576 elaeatae
660 3497 793 3598 ἓρνννῦς,
814 3513 874 3600 qui
899 3534 1020 3601 poenas
1047 3535 1072 3576 s.
1104 3510 1273 3578 ultionem
1297 3511 1372 3577 talis

251 3621 409 3688 facinoris
438 3623 558 3713 exigit.
603 3611 772 3689 Dicuntur
801 3637 913 3691 autem
944 3611 1074 3711 ἓριννύεν
1097 3616 1181 3695 vesle
1207 3625 1371 3689 immissae

210 3761 216 3774 ¹
251 3748 320 3800 tam
349 3735 387 3801 in
417 3736 707 3829 aliquem,‘quem
738 3736 781 3802 ab
807 3738 922 3824 aliquo
940 3759 1074 3826 poenae.
1123 3736 1223 3803 Dixit
1240 3736 1371 3824 quidem

252 3847 413 3914 Homerus
432 3850 473 3915 ll.
501 3851 525 3916 l.
548 3872 576 3915 c.
601 3863 634 3915 et
654 3848 717 3916 Od.
742 3852 785 3916 Λ.
810 3854 885 3918 279.
910 3843 1033 3938 μητρὸς
1055 3836 1191 3937 ipsusne
1213 3870 1370 3938 poenssa

251 3971 359 4027 matre
387 3961 554 4028 invocatae
582 3961 619 4026 in
646 3962 779 4029 filium:
802 3964 858 4028 sed
886 3964 976 4052 apud
1007 3961 1162 4051 Sophocl.
1190 3962 1228 4027 in
1258 3961 1368 4049 Antig.

251 4097 285 4140 v.
315 4076 392 4142 693.
427 4066 547 4162 φρένων
568 4060 682 4162 {prussis
713 4086 762 4141 est
786 4098 911 4165 poena,
939 4097 1040 4164 quam
1064 4074 1242 4164 patiuntur
1264 4066 1370 4161 φρένες

251 4198 461 4276 posterorum
483 4186 622 4276 Oedipi;
655 4189 743 4277 apud
764 4190 882 4279 Eurip.
905 4191 944 4255 in
962 4189 1022 4258 Or.
1047 4188 1132 4256 1389
1152 4210 1219 4276 seq.
1241 4174 1368 4276 Περγά·

251 4318 319 4393 μων
341 4287 455 4387 ἔρνννὺς
476 4314 525 4367 est
540 4303 635 4369 illata
655 4302 812 4390 Pergamo
833 4302 997 4391 pernicies
1015 4302 1057 4366 eb
1073 4300 1207 4367 Helena.
1239 4299 1366 4369 Vtrius-
