2967 5209
244 471 317 546 316
399 450 404 473 ⁸
687 495 927 545 coumsrsuvs

243 680 367 735 sortem
391 687 508 731 senum
535 665 702 732 coelibum
726 666 899 734 infelicem
927 668 1025 754 po‘eta
1052 664 1219 753 ampliore
1246 665 1373 733 descri-

243 780 359 873 ptione
380 778 612 846 illustraverit.

287 1030 321 1073 v.
356 1009 433 1076 609.
465 993 528 1070 ἀπ’
553 994 662 1075 aidan
686 1018 852 1092 perpetuo.
889 1002 988 1070 Conf.
1018 1003 1185 1073 Welsten.
1219 1002 1261 1069 ad
1285 1004 1368 1069 Luc.

244 1120 270 1185 Ι.
296 1121 349 1185 70.

286 1366 321 1413 v.
341 1345 405 1410 611
422 1365 489 1430 seq.
512 1341 736 1409 Ruhnkcnius
754 1344 816 1430 Ep.
839 1341 924 1409 crit.
946 1342 972 1409 1.
992 1365 1026 1430 p.
1048 1345 1116 1419 55„
1137 1341 1278 1406 offensus
1296 1352 1368 1404 tau·

243 1456 368 1545 tologia
395 1445 580 1537 στήθεσσιν,
606 1443 718 1542 detegi,
735 1440 865 1542 κραδίῃ,
888 1465 999 1520 totum
1017 1475 1152 1521 versum
1172 1454 1238 1517 612
1259 1475 1279 1517 a
1298 1474 1375 1539 ma3

241 1569 375 1656 gistello
394 1566 566 1657 prioribus
586 1567 741 1632 adsutum
767 1568 905 1634 censuit.
948 1566 1178 1654 ¹Goottlingius
1201 1567 1239 1630 iu
1261 1566 1368 1654 priori

242 1680 400 1747 Editione
418 1679 543 1747 servari
558 1701 650 1766 posse
666 1664 801 1744 uersum
819 1678 953 1758 statuit,
974 1680 1002 1744 si
1020 1678 1185 1745 scribatur
1208 1671 1277 1774 tol·
1291 1697 1369 1765 upa·
1459 1666 1462 1672 ’

243 1780 298 1879 δίῃ
323 1784 380 1859 κα)
405 1779 497 1879 θυμῷ
519 1779 696 1871 ἀνήκεστον
713 1780 813 1856 κακόν
835 1784 919 1857 ἔστι.
942 1791 1154 1857 Hermannus
1172 1792 1210 1857 in
1223 1791 1368 1859 Censura

243 1904 511 1993 Goetdingianae
533 1926 640 1991 neque
659 1888 889 1969 inducendum
910 1925 1017 1992 neque
1035 1904 1272 1992 corrigendum
1296 1925 1368 1969 ver·

240 2039 315 2083 sum
334 2006 393 2095 ait,
412 2017 441 2082 si
460 2017 559 2083 modo
575 2004 667 2105 θυμῷ
688 2004 877 2103 1111111111δί1
899 2027 940 2082 ut
959 2016 1087 2083 dativus
1106 2016 1255 2104 accipias.
1283 2015 1369 2082 Hinc

242 2129 427 2219 Goettling.
457 2130 496 2195 in
519 2131 624 2196 altera
645 2131 707 2197 Ed.
737 2129 839 2196 verba
862 2129 927 2196 illa
943 2152 1022 2194 cum
1043 2117 1206 2196 mmor
1227 2129 1368 2195 coniun-

241 2245 345 2332 genda
374 2266 440 2309 esse
468 2244 562 2309 dicit.
609 2243 699 2310 Mihi
729 2267 808 2309 cum
837 2243 1030 2310 Muetzellio
1052 2264 1086 2331 p.
1113 2244 1188 2308 116.
1217 2242 1367 2320 videtur,

241 2359 389 2447 potuisse
411 2369 583 2424 auctorem
613 2382 686 2424 eam
714 2359 779 2424 sibi
812 2359 1008 2447 permittere
1037 2358 1275 2445 tautologiam,
1304 2379 1368 2443 quo

243 2471 485 2537 vehementius.
498 2473 671 2551 animum,
692 2483 905 2558 mentemque
926 2474 1017 2538 malo
1038 2472 1182 2536 cruciari
1203 2471 1371 2559 significa·

241 2595 304 2665 ret,
321 2586 519 2672 praesertim
534 2607 612 2649 cum
629 2586 724 2650 notio
742 2584 985 2650 vocabulorum
1002 2585 1043 2650 ab
1060 2585 1123 2650 hac
1135 2582 1372 2649 coniunctione

241 2696 387 2761 minime
420 2695 615 2776 abhorreat,
648 2696 782 2784 sintque
812 2698 914 2783 plura
947 2698 1136 2763 istiusmodi
1166 2695 1372 2783 tautologiae

242 2808 344 2874 ctiam
362 2807 401 2873 in
423 2807 569 2873 Homero
591 2810 757 2896 exempla.
780 2808 867 2883 Vide
887 2809 961 2877 citt.
984 2808 1215 2876 aMuetzellio
1237 2807 1300 2877 Od.
1327 2806 1371 2871 Δ.

244 2922 310 2988 548
331 2945 396 3010 seq.
422 2922 606 2988 Hermann.
631 2923 672 2987 ad
696 2922 737 2987 Η.
762 2922 800 2987 in
824 2921 899 2989 Cer.
924 2924 999 2989 361.

172 3122 178 3132 0
288 3169 322 3213 v.
353 3148 419 3213 613
440 3169 527 3234 seqq.
559 3146 682 3214 Causae
702 3146 795 3212 nihil
818 3155 875 3225 est,
896 3167 1053 3211 curcum
1072 3145 1204 3234 Heynio
1224 3146 1374 3217 Wolfio·

240 3279 307 3346 quc
333 3269 509 3346 putemus,
539 3257 830 3347 exsuperioribus
856 3258 1016 3325 excidisse
1035 3259 1221 3337 nonnulla,
1249 3258 1374 3346 quibus

243 3371 480 3459 responderent
505 3372 605 3450 haec,
621 3373 714 3458 quasi
733 3394 798 3459 pro
821 3371 1077 3461 epiphonemate
1098 3371 1254 3439 subiecta.
1300 3374 1374 3439 Ex·

243 3484 352 3575 posito
373 3482 510 3549 infelice
531 3485 722 3551 Promethei
742 3486 831 3563 doli,
854 3484 1018 3571 furtique,
1043 3486 1132 3571 quod
1155 3486 1196 3551 ad
1217 3486 1375 3552 homines

244 3598 376 3676 attinet,
400 3608 532 3676 eventu,
554 3597 728 3663 commode
749 3597 885 3663 subiicit
902 3601 1017 3687 potita:
1042 3589 1083 3669 ὡς
1108 3591 1166 3663 οὐκ
1194 3588 1266 3664 ἔστι
1295 3592 1374 3670 Διὸς

243 3730 275 3778 κ.
299 3728 332 3777 τ.
356 3713 390 3772 λ.
414 3709 503 3797 quod
520 3709 636 3774 firmat
655 3711 867 3797 sequentibus
891 3698 964 3778 οὐδὲ
985 3696 1055 3800 γὰρ
1076 3731 1108 3775 κ.
1131 3730 1162 3777 τ.
1186 3713 1219 3778 λ.
1264 3709 1371 3777 81111-

242 3835 314 3902 cet,
337 3846 415 3889 cum
440 3824 631 3889 Promethei
651 3823 794 3912 benigna
825 3825 863 3890 in
892 3824 1046 3891 homines
1066 3825 1205 3891 consilia
1236 3825 1272 3891 id
1295 3847 1371 3913 spe-

243 3948 400 4017 ctassent,
423 3948 478 4016 ut,
501 3939 635 4025 decepto
658 3937 753 4016 Iove,
779 3940 888 4004 multa
908 3938 995 4011 bona
1016 3939 1198 4027 largiretur
1214 3936 1369 4003 homini·

243 4051 322 4131 bus,
353 4074 461 4139 neque
479 4052 630 4140 decipere
648 4052 711 4117 ille
734 4050 849 4119 Iovem
872 4053 986 4141 potuit
1011 4065 1061 4131 et,
1083 4052 1233 4121 humano
1254 4053 1368 4139 generi

244 4163 372 4229 tributa
391 4162 432 4230 ab
459 4187 492 4231 se
513 4163 598 4231 bona
621 4164 740 4229 multis
759 4163 802 4229 ab
823 4164 900 4230 Iove
924 4177 1134 4253 compensata
1152 4165 1240 4231 vidit
1255 4164 1366 4230 malis.

245 4273 308 4341 Sed
332 4299 392 4343 neo
416 4276 480 4342 sibi
508 4276 573 4363 ipsi
600 4268 784 4364 quidquam
816 4273 854 4341 in
876 4298 933 4341 sua
950 4276 1100 4365 repperit
1119 4276 1273 4353 solertia,
1299 4294 1365 4363 quo
