2967 5209
488 1252 918 1350 PRAEFATIO.

621 1589 788 1622 «⁴00—

189 1851 274 1921 Uum
298 1852 339 1918 ab
368 1855 497 1916 ineunte
525 1860 633 1916 aetate
656 1873 729 1917 mea
753 1852 882 1941 aliquot
905 1854 1063 1917 mensium
1094 1855 1270 1942 quotannis

139 1986 176 2046 in
202 1982 289 2046 uilla
305 1988 454 2070 paterna
476 1984 652 2046 rusticatio
669 2003 790 2070 magno
815 2002 865 2044 me
887 1983 976 2045 uitae
993 1985 1106 2071 reique
1125 1986 1273 2048 rusticae

141 2132 256 2175 amore
278 2109 464 2186 imbuisset,
487 2131 681 2198 consequens
690 2108 785 2194 ficit,
801 2115 850 2185 ut,
869 2130 911 2172 ea
926 2131 989 2196 quo
995 2113 1136 2204 pariter
1150 2111 1272 2175 literas

140 2260 269 2316 amare,
284 2246 471 2327 ueteresque
485 2241 666 2327 scriptores
681 2237 826 2305 Graecos
842 2245 873 2301 et
894 2235 1053 2322 Latinos,
1066 2242 1273 2327 praesertim

134 2374 279 2455 poetas,
304 2370 341 2430 in
373 2366 504 2431 deliciis
527 2365 646 2432 labere
666 2369 855 2454 coepissem,
882 2364 1044 2430 lubentius
1068 2386 1198 2454 semper
1224 2388 1274 2431 me

79 2559 82 2566 ,
141 2496 191 2559 ad
224 2495 307 2558 illos
339 2495 566 2584 applicarem,
588 2495 648 2582 qui
666 2494 718 2557 uel
741 2495 973 2583 agrimdturae
992 2499 1176 2583 praecepta
1191 2502 1274 2560 tra·

142 2623 278 2701 darent,
303 2623 356 2687 cel
377 2624 607 2712 agricolarum
625 2633 836 2711 pastorumve
862 2644 981 2711 opera,
1006 2622 1134 2700 studia,
1162 2623 1273 2699 lusus,

142 2749 367 2841 agrorumque
397 2758 429 2816 et
457 2749 629 2838 sylvarum
658 2756 886 2833 amoenitates,
916 2753 1136 2840 praecipuum
1162 2753 1274 2839 operis

141 2887 375 2967 argumentum
396 2878 561 2943 haberent.
586 2876 728 2967 Itaque,
744 2887 782 2942 ut
802 2876 954 2966 Virgilii
974 2875 1158 2966 Georgica,
1177 2880 1274 2946 eius-

142 3005 219 3071 dem
240 3016 271 3071 et
291 3006 459 3073 Theocriti
480 3006 655 3087 Bucolica,
685 3030 727 3073 ea
749 3006 953 3072 Horatianis
976 3010 1075 3072 etiam
1100 3007 1205 3071 multa
1227 3010 1278 3071 sie
1392 3018 1397 3022 ⁴

142 3133 234 3198 mihi
250 3134 442 3222 placebant,
463 3146 501 3197 ut
525 3156 635 3198 eorum
654 3136 807 3199 lectionis
825 3135 920 3198 nulla
938 3156 989 3199 me
1009 3137 1151 3199 satietas
1176 3155 1279 3224 cape··

145 3269 218 3335 ret,
244 3259 295 3321 ita
316 3263 353 3323 in
376 3256 555 3324 Hesiodeis
565 3258 710 3347 fierunt
729 3258 841 3349 Opera
860 3270 893 3326 et
910 3260 1010 3341 Bies,
1032 3285 1115 3352 quae
1126 3265 1279 3353 primam

143 3395 177 3451 et
199 3387 412 3474 potissimum
436 3408 486 3450 me
506 3388 702 3468 allicerent,
733 3392 938 3479 maaimeque
958 3413 1008 3455 me
1037 3392 1195 3480 legentem
1218 3392 1277 3456 ab·

143 3514 319 3580 lactarent.
366 3512 487 3604 Itaque
510 3524 591 3606 post
618 3517 763 3588 delatum
787 3521 874 3582 milti
897 3518 1046 3585 Graecas
1073 3519 1279 3609 Latinasque
1377 3596 1380 3604 ‚

143 3641 269 3706 literas
288 3645 323 3705 in
344 3637 486 3706 Illustri
507 3643 810 3710 Amstelodamensi
835 3643 1004 3710 Athenaeo
1024 3646 1186 3711 tradendi
1201 3671 1278 3711 mu-

143 3790 208 3832 nus
229 3792 301 3834 cum
324 3768 366 3834 de
387 3779 521 3836 auctore
544 3776 750 3862 cogitarem,
779 3776 873 3837 cuius
898 3773 1040 3838 editione
1059 3776 1278 3864 promeranda

145 3896 221 3961 bene
240 3897 283 3961 de
301 3898 587 3978 literismererer,
610 3923 723 3990 meque
741 3902 827 3980 loco,
845 3922 939 3989 quem
958 3902 1175 3990 obtinueram,
1187 3903 1280 3969 leand

139 4024 247 4109 plane
275 4023 449 4113 indigenum
473 4027 693 4107 ostenderem,
716 4028 821 4115 fuere
841 4031 918 4093 item
939 4034 1087 4095 maame
1113 4029 1226 4120 Opera
1245 4040 1278 4096 et

147 4148 249 4230 Ilies,
280 4174 365 4240 quae
396 4175 445 4218 me
475 4155 679 4243 impellerent
707 4156 757 4220 ad
785 4155 991 4245 eligendum,
1016 4179 1108 4246 quern
1129 4158 1277 4242 ederem,

149 4273 350 4344 Hesiodum.
400 4275 553 4349 Ceterum
584 4284 743 4361 occessit,
775 4283 865 4366 quod
893 4279 1175 4384 animadvertisse
1195 4283 1279 4350 mitti
