2967 5209
242 511 314 585 342
683 540 922 588 couunrmvs

240 697 399 775 elevasse
429 710 580 775 maxime
606 710 764 800 Olympii
791 714 860 778 sive
885 711 1027 778 Coclites
1047 720 1254 798 spectantur,
1286 720 1368 773 turn

240 825 344 890 totius
363 824 490 912 negotii
505 847 598 891 scena
613 837 662 891 est
672 823 852 913 Olympus,
871 824 960 889 unde
974 822 1015 888 ab
1031 823 1109 887 love
1119 822 1270 886 mittitur
1286 820 1366 898 Iris,

240 960 278 1002 eo
288 956 471 1017 reversura,
482 950 514 1003 et
527 951 623 1004 erant
634 939 672 1005 in
683 937 833 1026 Olympo
845 936 993 1003 Deorum
1006 925 1126 1020 Oculis,
1138 922 1258 1014 δαῖτες,
1271 918 1367 1020 εἶμι.

287 1182 320 1228 v.
351 1165 427 1229 805.
460 1150 566 1229 diem
591 1150 666 1249 θεολ)
690 1183 790 1250 supra
817 1186 850 1227 v.
876 1164 951 1228 400.
974 1160 1064 1226 idem
1089 1159 1162 1224 lovi
1186 1158 1365 1226 tribuitur.

240 1274 303 1341 Sed
326 1273 433 1340 facere
454 1275 490 1340 id
515 1276 645 1364 Iupiter
666 1276 796 1364 potuit,
819 1274 1102 1341 consentientibus
1123 1272 1206 1338 Diis.

282 1523 339 1566 vv.
370 1502 557 1567 806-816.
592 1501 719 1568 Dessuit
745 1500 857 1588 Stygis
878 1522 961 1585 aqua
989 1519 1049 1587 per
1068 1500 1181 1563 locum
1207 1516 1364 1582 asperum

239 1611 294 1700 (v.·
309 1610 418 1700 806.),
442 1614 568 1679 scilicet
581 1613 695 1693 illum,
712 1616 751 1679 in
765 1636 830 1699 quc
849 1624 927 1678 sunt
943 1623 1066 1691 terrae,
1086 1610 1235 1689 Tartari,
1252 1608 1362 1695 ponti,

237 1724 333 1802 coeli,
350 1725 503 1812 deinceps
525 1727 680 1789 omnium
702 1724 811 1790 fontes
832 1750 856 1790 s.
881 1725 981 1790 initia
1004 1736 1037 1790 et
1057 1722 1139 1790 fines
1162 1723 1231 1812 (vv.
1252 1724 1365 1787 807-

237 1832 348 1920 810.);
383 1837 420 1900 in
447 1856 513 1923 quc
541 1838 624 1901 item
648 1849 727 1902 sunt
749 1827 939 1925 μορμᾶρεοο
959 1832 1080 1918 πύλαι,
1106 1858 1149 1900 ex
1169 1835 1364 1922 splendente

236 1948 321 2012 aeris
345 1949 486 2014 materia
507 1961 622 2036 portae
639 1950 672 2038 (a
689 1950 846 2038 Neptuno
865 1950 1041 2038 impositae
1065 1971 1098 2013 v.
1123 1945 1214 2033 732.)
1236 1947 1364 2011 limen-

236 2083 300 2147 que
322 2082 341 2125 a
361 2072 482 2126 natura
501 2060 630 2127 factum
657 2082 808 2142 aereum,
839 2063 1036 2140 immotum,
1061 2060 1222 2127 altissime
1239 2056 1365 2122 funda·

237 2184 313 2237 tum
332 2174 401 2261 (vv.
423 2173 636 2264 811-813.).
666 2164 808 2261 Πρὸοθεο
829 2187 959 2253 autem,
987 2194 1058 2238 non
1079 2187 1172 2253 ante,
1199 2172 1254 2237 sed
1279 2172 1364 2235 ulca

144 2346 151 2362 ,
235 2286 324 2351 illud
347 2287 455 2352 limen
479 2288 613 2376 (quippe
632 2286 674 2351 ab
697 2287 827 2354 Oceano
840 2310 884 2352 ac
906 2285 1000 2350 fonte
1018 2284 1131 2372 Stygis
1149 2304 1242 2349 orsus
1265 2286 1363 2371 poeta

234 2400 435 2487 cogitatione
456 2400 623 2466 fluentum
647 2402 720 2489 eius
741 2402 892 2488 sequitur
922 2397 983 2463 sub
1009 2410 1134 2462 terram
1158 2418 1258 2485 supra
1279 2397 1361 2460 Tar·

235 2512 301 2574 tari
324 2499 469 2600 χοὶομοο.
492 2513 590 2580 conf.
613 2537 647 2579 v.
666 2514 740 2581 740.
759 2518 821 2581 787
836 2512 915 2602 seq.)
939 2511 1095 2577 habitant
1115 2509 1250 2574 Titanes
1264 2511 1362 2596 longe

235 2626 383 2689 aceteris
402 2626 559 2692 omnibus
573 2628 656 2707 Diis,
680 2620 779 2713 πέρην
790 2616 899 2715 Xoites
915 2615 1077 2710 ζοφεροῖο,
1100 2635 1193 2687 trans
1215 2608 1362 2711 χάσμα,

234 2736 440 2824 descriptum
463 2760 562 2826 supra
583 2763 616 2804 r.
638 2741 703 2804 740
723 2761 831 2825 seqq.,
860 2739 972 2824 itaque
989 2737 1027 2801 in
1052 2735 1123 2800 imo
1147 2736 1287 2799 Tartaro
1313 2733 1359 2821 (v.

234 2850 300 2913 813
318 2846 415 2935 seq.)e
457 2847 519 2914 Sed
551 2851 589 2915 in
608 2849 836 2917 fundamentis
858 2847 1001 2927 Oceani,
1030 2849 1072 2912 ad
1096 2847 1229 2913 Tartari
1254 2846 1362 2910 limen

233 2970 266 3023 et
286 2972 398 3047 portas
422 2959 524 3050 (conf.
553 2985 654 3049 supra
673 2986 706 3028 v.
726 2964 790 3030 732
808 2964 906 3049 seqq.)
929 2960 1103 3026 domicilia
1128 2959 1255 3023 habent
1276 2958 1361 3024 Cen·

233 3073 366 3137 timani.
414 3073 531 3160 ltaque
549 3074 590 3139 de
608 3074 662 3140 liis
685 3077 783 3163 poeta
808 3099 841 3142 v.
869 3077 946 3141 617.
970 3094 1065 3138 suam
1083 3095 1176 3137 orsus
1194 3072 1363 3137 narratio·

232 3206 327 3262 nem,
351 3207 436 3271 quae
462 3186 566 3252 simul
593 3187 885 3253 Titanomachiam
907 3196 1097 3275 exponeret,
1125 3183 1205 3249 cum
1228 3184 1360 3249 indein

232 3297 417 3382 longiorem
447 3298 488 3363 de
513 3301 653 3365 Tartaro
679 3301 915 3388 digressionem
944 3299 1129 3376 incidisset,
1155 3298 1298 3386 denique
1320 3319 1381 3387 eo·

231 3409 330 3488 redit,
349 3411 438 3476 unde
457 3435 550 3477 orsus
567 3426 657 3497 erat,
680 3426 757 3478 usu's
775 3415 1039 3502 opportunitate,
1061 3436 1163 3500 quam
1182 3410 1360 3500 praebebat

231 3522 359 3588 mentio
388 3522 518 3612 Stygis,
548 3527 588 3592 ad
618 3525 742 3591 inferos
773 3527 871 3591 iuxta
894 3527 956 3591 illa
979 3525 1157 3590 defluentis
1181 3525 1270 3600 loca,
1300 3522 1358 3587 ubi

230 3646 325 3701 erant
350 3635 552 3704 Centimani.

281 3728 445 3835 'Oydp‘tov
468 3749 513 3841 (v.
537 3749 627 3838 806.)
653 3754 741 3817 male
763 3751 925 3817 Graevius
940 3774 1017 3815 cum
1040 3739 1278 3835 iptov'iunxit,
1296 3772 1356 3813 ex·

229 3860 406 3946 posuitque
430 3886 588 3949 stagnum,
620 3864 725 3928 citans
747 3863 906 3950 Hesychii
930 3854 1088 3951 ἅνγυγὶου·
1113 3861 1274 3942 παλαιοῦ,
1296 3857 1356 3947 ἆορ-
1422 3838 1426 3845 ”

229 3959 358 4062 χοῖον,
378 3970 576 4061 μεγάλου
601 3967 721 4041 πάνυ.
768 3975 903 4040 Rectius
935 3977 994 4040 alii
1023 3997 1100 4038 cum
1124 3963 1209 4060 &dep
1233 3974 1353 4038 iunxe-

227 4097 320 4164 rant,
354 4085 476 4172 quibus
505 4088 656 4155 adsensus
678 4089 830 4159 Wolfius
860 4101 936 4176 apte
957 4088 1104 4153 contulit
1126 4077 1352 4150 παλαιότατον

152 4206 156 4214 ’
226 4181 308 4282 ὕδωρ
331 4199 419 4285 apud
442 4198 579 4266 callim.
604 4202 644 4268 H.
669 4202 706 4266 in
730 4201 798 4269 Iov.
826 4204 877 4269 40.
