<?xml version="1.0" encoding="UTF-8"?>
<!DOCTYPE html PUBLIC "-//W3C//DTD XHTML 1.0 Transitional//EN"
    "http://www.w3.org/TR/xhtml1/DTD/xhtml1-transitional.dtd">
<html xmlns="http://www.w3.org/1999/xhtml" xml:lang="en" lang="en">
 <head>
  <title>
</title>
<meta http-equiv="Content-Type" content="text/html;charset=utf-8" />
  <meta name='ocr-system' content='tesseract 3.04.00' />
  <meta name='ocr-capabilities' content='ocr_page ocr_carea ocr_par ocr_line ocrx_word'/>
</head>
<body>
  <div class='ocr_page' id='page_1' title='image "./hesioditheogoni00lenngoog_0248.png"; bbox 0 0 2967 5209; ppageno 0'>
   <div class='ocr_carea' id='block_1_1' title="bbox 241 489 897 568">
    <p class='ocr_par' dir='ltr' id='par_1_1' title="bbox 241 489 897 568">
     <span class='ocr_line' id='line_1_1' title="bbox 241 489 897 568; baseline 0.008 -6"><span class='ocrx_word' id='word_1_1' title='bbox 241 489 313 563; x_wconf 75' lang='lat'><strong>204</strong></span> <span class='ocrx_word' id='word_1_2' title='bbox 659 520 897 568; x_wconf 76' lang='lat' dir='ltr'><strong>corusnriuivs</strong></span> 
     </span>
    </p>
   </div>
   <div class='ocr_carea' id='block_1_2' title="bbox 234 687 1363 1343">
    <p class='ocr_par' dir='ltr' id='par_1_2' title="bbox 234 687 1449 1343">
     <span class='ocr_line' id='line_1_2' title="bbox 237 687 1363 780; baseline 0.008 -28"><span class='ocrx_word' id='word_1_3' title='bbox 237 687 386 752; x_wconf 89' lang='lat' dir='ltr'><strong>indicare</strong></span> <span class='ocrx_word' id='word_1_4' title='bbox 406 689 540 776; x_wconf 69' lang='lat' dir='ltr'><strong>potitam</strong></span> <span class='ocrx_word' id='word_1_5' title='bbox 561 691 707 759; x_wconf 79' lang='lat' dir='ltr'><strong>ridetur.</strong></span> <span class='ocrx_word' id='word_1_6' title='bbox 755 699 808 759; x_wconf 86' lang='lat' dir='ltr'><strong>An</strong></span> <span class='ocrx_word' id='word_1_7' title='bbox 824 716 921 772; x_wconf 84' lang='lat' dir='ltr'><strong>vero,</strong></span> <span class='ocrx_word' id='word_1_8' title='bbox 939 693 1037 780; x_wconf 88' lang='lat' dir='ltr'><strong>quod,</strong></span> <span class='ocrx_word' id='word_1_9' title='bbox 1058 715 1139 780; x_wconf 87' lang='lat' dir='ltr'><strong>quae</strong></span> <span class='ocrx_word' id='word_1_10' title='bbox 1159 693 1210 761; x_wconf 88' lang='lat' dir='ltr'><strong>ibi</strong></span> <span class='ocrx_word' id='word_1_11' title='bbox 1228 695 1270 760; x_wconf 91' lang='lat' dir='ltr'><strong>de</strong></span> <span class='ocrx_word' id='word_1_12' title='bbox 1288 716 1363 761; x_wconf 85' lang='lat' dir='ltr'><strong>ma·</strong></span> 
     </span>
     <span class='ocr_line' id='line_1_3' title="bbox 237 797 1363 893; baseline 0.007 -31"><span class='ocrx_word' id='word_1_13' title='bbox 237 797 337 863; x_wconf 85' lang='lat' dir='ltr'><strong>uibus</strong></span> <span class='ocrx_word' id='word_1_14' title='bbox 359 800 561 880; x_wconf 88' lang='lat' dir='ltr'><strong>dictasunt,</strong></span> <span class='ocrx_word' id='word_1_15' title='bbox 593 826 662 867; x_wconf 91' lang='lat' dir='ltr'><strong>non</strong></span> <span class='ocrx_word' id='word_1_16' title='bbox 687 805 822 891; x_wconf 83' lang='lat' dir='ltr'><strong>putavit</strong></span> <span class='ocrx_word' id='word_1_17' title='bbox 842 803 994 892; x_wconf 85' lang='lat' dir='ltr'><strong>Guyetus</strong></span> <span class='ocrx_word' id='word_1_18' title='bbox 1013 828 1105 893; x_wconf 87' lang='lat' dir='ltr'><strong>posse</strong></span> <span class='ocrx_word' id='word_1_19' title='bbox 1122 807 1297 871; x_wconf 87' lang='lat' dir='ltr'><strong>commode</strong></span> <span class='ocrx_word' id='word_1_20' title='bbox 1320 807 1363 870; x_wconf 84' lang='lat' dir='ltr'><strong>ad</strong></span> 
     </span>
     <span class='ocr_line' id='line_1_4' title="bbox 235 909 1362 999; baseline 0.007 -24"><span class='ocrx_word' id='word_1_21' title='bbox 235 911 346 999; x_wconf 88' lang='lat' dir='ltr'><strong>capita</strong></span> <span class='ocrx_word' id='word_1_22' title='bbox 359 909 560 979; x_wconf 72' lang='lat' dir='ltr'><strong>transferri?</strong></span> <span class='ocrx_word' id='word_1_23' title='bbox 581 912 644 980; x_wconf 86' lang='lat' dir='ltr'><strong>Sed</strong></span> <span class='ocrx_word' id='word_1_24' title='bbox 661 916 725 980; x_wconf 88' lang='lat' dir='ltr'><strong>boc</strong></span> <span class='ocrx_word' id='word_1_25' title='bbox 741 916 872 983; x_wconf 88' lang='lat' dir='ltr'><strong>nullius</strong></span> <span class='ocrx_word' id='word_1_26' title='bbox 888 917 939 982; x_wconf 85' lang='lat' dir='ltr'><strong>rei</strong></span> <span class='ocrx_word' id='word_1_27' title='bbox 954 939 1029 996; x_wconf 89' lang='lat' dir='ltr'><strong>esse,</strong></span> <span class='ocrx_word' id='word_1_28' title='bbox 1046 940 1123 985; x_wconf 83' lang='lat' dir='ltr'><strong>vere</strong></span> <span class='ocrx_word' id='word_1_29' title='bbox 1140 918 1233 982; x_wconf 81' lang='lat' dir='ltr'><strong>dixit</strong></span> <span class='ocrx_word' id='word_1_30' title='bbox 1250 918 1362 984; x_wconf 90' lang='lat' dir='ltr'><strong>Muet·</strong></span> 
     </span>
     <span class='ocr_line' id='line_1_5' title="bbox 235 1024 1360 1118; baseline 0.004 -28"><span class='ocrx_word' id='word_1_31' title='bbox 235 1024 353 1090; x_wconf 78' lang='lat' dir='ltr'><strong>zellius</strong></span> <span class='ocrx_word' id='word_1_32' title='bbox 368 1048 403 1114; x_wconf 90' lang='lat' dir='ltr'><strong>p.</strong></span> <span class='ocrx_word' id='word_1_33' title='bbox 425 1027 499 1094; x_wconf 93' lang='grc'><strong>100.</strong></span> <span class='ocrx_word' id='word_1_34' title='bbox 546 1027 773 1095; x_wconf 83' lang='lat' dir='ltr'><strong>Retinendum</strong></span> <span class='ocrx_word' id='word_1_35' title='bbox 792 1050 925 1094; x_wconf 85' lang='lat' dir='ltr'><strong>versum</strong></span> <span class='ocrx_word' id='word_1_36' title='bbox 942 1029 1043 1093; x_wconf 88' lang='lat' dir='ltr'><strong>etiam</strong></span> <span class='ocrx_word' id='word_1_37' title='bbox 1062 1029 1213 1118; x_wconf 86' lang='lat' dir='ltr'><strong>Heynius</strong></span> <span class='ocrx_word' id='word_1_38' title='bbox 1230 1031 1360 1094; x_wconf 78' lang='lat' dir='ltr'><strong>statuit.</strong></span> 
     </span>
     <span class='ocr_line' id='line_1_6' title="bbox 235 1138 1363 1230; baseline 0.004 -27"><span class='ocrx_word' id='word_1_39' title='bbox 235 1138 373 1225; x_wconf 81' lang='lat' dir='ltr'><strong>Legerat</strong></span> <span class='ocrx_word' id='word_1_40' title='bbox 394 1139 531 1226; x_wconf 88' lang='lat' dir='ltr'><strong>quidem</strong></span> <span class='ocrx_word' id='word_1_41' title='bbox 548 1161 626 1204; x_wconf 90' lang='lat' dir='ltr'><strong>eum</strong></span> <span class='ocrx_word' id='word_1_42' title='bbox 645 1142 841 1206; x_wconf 88' lang='lat' dir='ltr'><strong>Eustathius</strong></span> <span class='ocrx_word' id='word_1_43' title='bbox 861 1164 902 1230; x_wconf 71' lang='grc' dir='ltr'><strong>Ρ..</strong></span> <span class='ocrx_word' id='word_1_44' title='bbox 920 1144 1016 1208; x_wconf 83' lang='lat'><strong>1590.</strong></span> <span class='ocrx_word' id='word_1_45' title='bbox 1043 1146 1084 1209; x_wconf 93' lang='grc'><strong>10</strong></span> <span class='ocrx_word' id='word_1_46' title='bbox 1105 1166 1169 1230; x_wconf 86' lang='lat' dir='ltr'><strong>seq.</strong></span> <span class='ocrx_word' id='word_1_47' title='bbox 1190 1142 1299 1208; x_wconf 89' lang='lat' dir='ltr'><strong>citans</strong></span> <span class='ocrx_word' id='word_1_48' title='bbox 1319 1165 1363 1208; x_wconf 86' lang='lat' dir='ltr'><strong>ex</strong></span> 
     </span>
     <span class='ocr_line' id='line_1_7' title="bbox 234 1240 1360 1343; baseline 0.003 -27"><span class='ocrx_word' id='word_1_49' title='bbox 234 1248 367 1316; x_wconf 86' lang='lat' dir='ltr'><strong>Hesiodi</strong></span> <span class='ocrx_word' id='word_1_50' title='bbox 378 1251 568 1339; x_wconf 86' lang='lat' dir='ltr'><strong>Theogonia</strong></span> <span class='ocrx_word' id='word_1_51' title='bbox 585 1243 624 1317; x_wconf 81' lang='grc' dir='ltr'><strong>τδ</strong></span> <span class='ocrx_word' id='word_1_52' title='bbox 641 1240 808 1339; x_wconf 71' lang='grc' dir='ltr'><em>ἐπέφυκον</em></span> <span class='ocrx_word' id='word_1_53' title='bbox 818 1278 835 1320; x_wconf 92' lang='lat' dir='ltr'><strong>a</strong></span> <span class='ocrx_word' id='word_1_54' title='bbox 846 1245 997 1342; x_wconf 81' lang='grc' dir='ltr'><strong>πεφύκα.</strong></span> <span class='ocrx_word' id='word_1_55' title='bbox 1020 1252 1119 1322; x_wconf 86' lang='lat' dir='ltr'><strong>Cous.</strong></span> <span class='ocrx_word' id='word_1_56' title='bbox 1134 1256 1225 1321; x_wconf 91' lang='lat' dir='ltr'><strong>idem</strong></span> <span class='ocrx_word' id='word_1_57' title='bbox 1235 1277 1270 1343; x_wconf 88' lang='lat' dir='ltr'><strong>p.</strong></span> <span class='ocrx_word' id='word_1_58' title='bbox 1284 1256 1360 1320; x_wconf 77' lang='lat'><strong>576.</strong></span> 
     </span>
    </p>
   </div>
   <div class='ocr_carea' id='block_1_3' title="bbox 195 1467 1450 3822">
    <p class='ocr_par' dir='ltr' id='par_1_3' title="bbox 195 1467 1451 3822">
     <span class='ocr_line' id='line_1_8' title="bbox 277 1467 1361 1569; baseline 0.005 -30"><span class='ocrx_word' id='word_1_59' title='bbox 277 1495 312 1539; x_wconf 86' lang='lat' dir='ltr'><strong>v.</strong></span> <span class='ocrx_word' id='word_1_60' title='bbox 342 1476 406 1541; x_wconf 80' lang='lat'><strong>154</strong></span> <span class='ocrx_word' id='word_1_61' title='bbox 434 1499 520 1563; x_wconf 85' lang='lat' dir='ltr'><strong>seqq.</strong></span> <span class='ocrx_word' id='word_1_62' title='bbox 552 1479 590 1544; x_wconf 90' lang='lat' dir='ltr'><strong>in</strong></span> <span class='ocrx_word' id='word_1_63' title='bbox 619 1467 713 1545; x_wconf 71' lang='grc' dir='ltr'><em>’δοτοι</em></span> <span class='ocrx_word' id='word_1_64' title='bbox 733 1470 802 1569; x_wconf 72' lang='grc' dir='ltr'><strong>γαρ</strong></span> <span class='ocrx_word' id='word_1_65' title='bbox 826 1467 951 1547; x_wconf 79' lang='grc' dir='ltr'><em>παίδων</em></span> <span class='ocrx_word' id='word_1_66' title='bbox 974 1500 1005 1546; x_wconf 85' lang='grc' dir='ltr'><strong>ιι.</strong></span> <span class='ocrx_word' id='word_1_67' title='bbox 1030 1498 1061 1545; x_wconf 91' lang='grc' dir='ltr'><strong>τ.</strong></span> <span class='ocrx_word' id='word_1_68' title='bbox 1084 1481 1117 1545; x_wconf 88' lang='grc' dir='ltr'><strong>λ.</strong></span> <span class='ocrx_word' id='word_1_69' title='bbox 1144 1476 1361 1545; x_wconf 87' lang='lat' dir='ltr'><strong>referendum</strong></span> 
     </span>
     <span class='ocr_line' id='line_1_9' title="bbox 233 1574 1363 1678; baseline 0.006 -28"><span class='ocrx_word' id='word_1_70' title='bbox 233 1574 302 1673; x_wconf 69' lang='lat' dir='ltr'><strong>ybp</strong></span> <span class='ocrx_word' id='word_1_71' title='bbox 334 1587 375 1651; x_wconf 95' lang='lat' dir='ltr'><strong>ad</strong></span> <span class='ocrx_word' id='word_1_72' title='bbox 397 1603 786 1676; x_wconf 85' lang='lat' dir='ltr'><strong>supramemoratorum</strong></span> <span class='ocrx_word' id='word_1_73' title='bbox 809 1579 997 1674; x_wconf 72' lang='grc' dir='ltr'><em>δεινότατα,</em></span> <span class='ocrx_word' id='word_1_74' title='bbox 1028 1603 1117 1658; x_wconf 89' lang='lat' dir='ltr'><strong>certe</strong></span> <span class='ocrx_word' id='word_1_75' title='bbox 1136 1592 1177 1657; x_wconf 87' lang='lat' dir='ltr'><strong>ad</strong></span> <span class='ocrx_word' id='word_1_76' title='bbox 1198 1614 1251 1671; x_wconf 82' lang='lat' dir='ltr'><strong>aa,</strong></span> <span class='ocrx_word' id='word_1_77' title='bbox 1277 1614 1363 1678; x_wconf 91' lang='lat' dir='ltr'><strong>quae</strong></span> 
     </span>
     <span class='ocr_line' id='line_1_10' title="bbox 232 1698 1360 1792; baseline 0.006 -31"><span class='ocrx_word' id='word_1_78' title='bbox 232 1698 390 1785; x_wconf 86' lang='lat' dir='ltr'><strong>proxime</strong></span> <span class='ocrx_word' id='word_1_79' title='bbox 412 1700 623 1787; x_wconf 86' lang='lat' dir='ltr'><strong>praecedunt.</strong></span> <span class='ocrx_word' id='word_1_80' title='bbox 671 1701 829 1769; x_wconf 85' lang='lat' dir='ltr'><strong>Ceterum</strong></span> <span class='ocrx_word' id='word_1_81' title='bbox 849 1704 996 1785; x_wconf 84' lang='lat' dir='ltr'><strong>dubites,</strong></span> <span class='ocrx_word' id='word_1_82' title='bbox 1023 1726 1088 1792; x_wconf 87' lang='lat' dir='ltr'><strong>qua</strong></span> <span class='ocrx_word' id='word_1_83' title='bbox 1109 1705 1149 1770; x_wconf 90' lang='lat' dir='ltr'><strong>de</strong></span> <span class='ocrx_word' id='word_1_84' title='bbox 1169 1726 1207 1769; x_wconf 90' lang='lat' dir='ltr'><strong>re</strong></span> <span class='ocrx_word' id='word_1_85' title='bbox 1226 1703 1360 1769; x_wconf 90' lang='lat' dir='ltr'><strong>dubita·</strong></span> 
     </span>
     <span class='ocr_line' id='line_1_11' title="bbox 232 1798 1361 1906; baseline 0.007 -32"><span class='ocrx_word' id='word_1_86' title='bbox 232 1822 308 1875; x_wconf 89' lang='lat' dir='ltr'><strong>tum</strong></span> <span class='ocrx_word' id='word_1_87' title='bbox 340 1810 410 1876; x_wconf 89' lang='lat' dir='ltr'><strong>iam</strong></span> <span class='ocrx_word' id='word_1_88' title='bbox 433 1812 618 1901; x_wconf 90' lang='lat' dir='ltr'><strong>antiquitus</strong></span> <span class='ocrx_word' id='word_1_89' title='bbox 636 1798 737 1880; x_wconf 84' lang='lat' dir='ltr'><strong>fuisse</strong></span> <span class='ocrx_word' id='word_1_90' title='bbox 758 1814 892 1883; x_wconf 87' lang='lat' dir='ltr'><strong>Scholia</strong></span> <span class='ocrx_word' id='word_1_91' title='bbox 916 1819 956 1882; x_wconf 94' lang='lat' dir='ltr'><strong>ad</strong></span> <span class='ocrx_word' id='word_1_92' title='bbox 981 1818 1017 1883; x_wconf 92' lang='lat' dir='ltr'><strong>h.</strong></span> <span class='ocrx_word' id='word_1_93' title='bbox 1035 1819 1060 1883; x_wconf 89' lang='lat' dir='ltr'><strong>l.</strong></span> <span class='ocrx_word' id='word_1_94' title='bbox 1084 1829 1247 1906; x_wconf 87' lang='lat' dir='ltr'><strong>arguunt,</strong></span> <span class='ocrx_word' id='word_1_95' title='bbox 1272 1817 1361 1882; x_wconf 87' lang='lat' dir='ltr'><strong>sitne</strong></span> 
     </span>
     <span class='ocr_line' id='line_1_12' title="bbox 231 1906 1361 2016; baseline 0.004 -29"><span class='ocrx_word' id='word_1_96' title='bbox 231 1925 494 1990; x_wconf 87' lang='lat' dir='ltr'><strong>construendum</strong></span> <span class='ocrx_word' id='word_1_97' title='bbox 525 1906 639 2015; x_wconf 72' lang='grc' dir='ltr'><em>(ἦσαν)</em></span> <span class='ocrx_word' id='word_1_98' title='bbox 665 1917 733 2016; x_wconf 70' lang='grc' dir='ltr'><strong>γαρ</strong></span> <span class='ocrx_word' id='word_1_99' title='bbox 757 1912 876 2016; x_wconf 76' lang='grc' dir='ltr'><em>(οὗτοι)</em></span> <span class='ocrx_word' id='word_1_100' title='bbox 901 1917 1077 1996; x_wconf 71' lang='grc' dir='ltr'><strong>δεινότατοι</strong></span> <span class='ocrx_word' id='word_1_101' title='bbox 1100 1917 1242 2011; x_wconf 82' lang='grc' dir='ltr'><em>παίδων,</em></span> <span class='ocrx_word' id='word_1_102' title='bbox 1255 1919 1361 1994; x_wconf 67' lang='grc' dir='ltr'><em>’ἵπποι</em></span> 
     </span>
     <span class='ocr_line' id='line_1_13' title="bbox 231 2021 1360 2128; baseline 0.007 -30"><span class='ocrx_word' id='word_1_103' title='bbox 231 2021 329 2115; x_wconf 77' lang='grc' dir='ltr'><em>Γαίης</em></span> <span class='ocrx_word' id='word_1_104' title='bbox 349 2030 464 2103; x_wconf 77' lang='grc' dir='ltr'><em>τεκαὶ</em></span> <span class='ocrx_word' id='word_1_105' title='bbox 486 2030 564 2127; x_wconf 69' lang='grc' dir='ltr'><strong>Οὐι.</strong></span> <span class='ocrx_word' id='word_1_106' title='bbox 587 2024 796 2128; x_wconf 78' lang='grc' dir='ltr'><em>ἐξεγένοντο,</em></span> <span class='ocrx_word' id='word_1_107' title='bbox 817 2054 857 2108; x_wconf 91' lang='lat' dir='ltr'><strong>ut</strong></span> <span class='ocrx_word' id='word_1_108' title='bbox 875 2044 1031 2110; x_wconf 87' lang='lat' dir='ltr'><strong>dicantur</strong></span> <span class='ocrx_word' id='word_1_109' title='bbox 1050 2044 1260 2121; x_wconf 88' lang='lat' dir='ltr'><strong>Centimani,</strong></span> <span class='ocrx_word' id='word_1_110' title='bbox 1286 2041 1360 2107; x_wconf 88' lang='lat' dir='ltr'><strong>for·</strong></span> 
     </span>
     <span class='ocr_line' id='line_1_14' title="bbox 230 2152 1359 2242; baseline 0 -26"><span class='ocrx_word' id='word_1_111' title='bbox 230 2163 314 2218; x_wconf 86' lang='lat' dir='ltr'><strong>tasse</strong></span> <span class='ocrx_word' id='word_1_112' title='bbox 327 2152 430 2218; x_wconf 83' lang='lat' dir='ltr'><strong>etiarn</strong></span> <span class='ocrx_word' id='word_1_113' title='bbox 444 2152 617 2242; x_wconf 85' lang='lat' dir='ltr'><strong>Cyclopes,</strong></span> <span class='ocrx_word' id='word_1_114' title='bbox 631 2155 783 2220; x_wconf 85' lang='lat' dir='ltr'><strong>maxime</strong></span> <span class='ocrx_word' id='word_1_115' title='bbox 803 2156 970 2223; x_wconf 85' lang='lat' dir='ltr'><strong>terribiles</strong></span> <span class='ocrx_word' id='word_1_116' title='bbox 981 2156 1081 2222; x_wconf 82' lang='lat' dir='ltr'><strong>fuisse</strong></span> <span class='ocrx_word' id='word_1_117' title='bbox 1095 2154 1251 2221; x_wconf 89' lang='lat' dir='ltr'><strong>omnium</strong></span> <span class='ocrx_word' id='word_1_118' title='bbox 1264 2152 1359 2220; x_wconf 88' lang='lat' dir='ltr'><strong>Coeli</strong></span> 
     </span>
     <span class='ocr_line' id='line_1_15' title="bbox 232 2254 1359 2357; baseline -0.002 -27"><span class='ocrx_word' id='word_1_119' title='bbox 232 2267 417 2355; x_wconf 82' lang='lat' dir='ltr'><strong>Terraeque</strong></span> <span class='ocrx_word' id='word_1_120' title='bbox 434 2266 639 2346; x_wconf 87' lang='lat' dir='ltr'><strong>liberorum,</strong></span> <span class='ocrx_word' id='word_1_121' title='bbox 667 2291 709 2333; x_wconf 86' lang='lat' dir='ltr'><strong>an</strong></span> <span class='ocrx_word' id='word_1_122' title='bbox 731 2291 811 2334; x_wconf 87' lang='lat' dir='ltr'><strong>vero</strong></span> <span class='ocrx_word' id='word_1_123' title='bbox 833 2258 928 2333; x_wconf 76' lang='grc' dir='ltr'><em>ίσσοι</em></span> <span class='ocrx_word' id='word_1_124' title='bbox 947 2258 1016 2357; x_wconf 72' lang='grc' dir='ltr'><strong>γὰρ</strong></span> <span class='ocrx_word' id='word_1_125' title='bbox 1040 2254 1185 2354; x_wconf 84' lang='grc' dir='ltr'><em>(παίδει)</em></span> <span class='ocrx_word' id='word_1_126' title='bbox 1209 2259 1304 2345; x_wconf 81' lang='grc' dir='ltr'><em>Γαίνι</em></span> <span class='ocrx_word' id='word_1_127' title='bbox 1321 2284 1359 2329; x_wconf 87' lang='grc' dir='ltr'><strong>τε</strong></span> 
     </span>
     <span class='ocr_line' id='line_1_16' title="bbox 230 2360 1358 2468; baseline 0.002 -26"><span class='ocrx_word' id='word_1_128' title='bbox 230 2397 262 2445; x_wconf 87' lang='grc' dir='ltr'><strong>ιι.</strong></span> <span class='ocrx_word' id='word_1_129' title='bbox 275 2381 316 2446; x_wconf 92' lang='grc'><strong>0.</strong></span> <span class='ocrx_word' id='word_1_130' title='bbox 337 2366 428 2468; x_wconf 76' lang='grc' dir='ltr'><strong>ἓξεγ.</strong></span> <span class='ocrx_word' id='word_1_131' title='bbox 451 2360 565 2468; x_wconf 75' lang='grc' dir='ltr'><em>(ἦσαν)</em></span> <span class='ocrx_word' id='word_1_132' title='bbox 590 2366 768 2446; x_wconf 76' lang='grc' dir='ltr'><em>δεινότατοι</em></span> <span class='ocrx_word' id='word_1_133' title='bbox 791 2368 925 2460; x_wconf 84' lang='grc' dir='ltr'><em>παίδων,</em></span> <span class='ocrx_word' id='word_1_134' title='bbox 954 2392 993 2444; x_wconf 89' lang='lat' dir='ltr'><strong>ut</strong></span> <span class='ocrx_word' id='word_1_135' title='bbox 1019 2379 1227 2467; x_wconf 87' lang='lat' dir='ltr'><strong>significetur</strong></span> <span class='ocrx_word' id='word_1_136' title='bbox 1250 2380 1358 2446; x_wconf 85' lang='lat' dir='ltr'><strong>nullis</strong></span> 
     </span>
     <span class='ocr_line' id='line_1_17' title="bbox 229 2478 1450 2580; baseline 0.001 -25"><span class='ocrx_word' id='word_1_137' title='bbox 229 2490 423 2580; x_wconf 87' lang='lat' dir='ltr'><strong>parentibus</strong></span> <span class='ocrx_word' id='word_1_138' title='bbox 445 2493 550 2579; x_wconf 87' lang='lat' dir='ltr'><strong>magis</strong></span> <span class='ocrx_word' id='word_1_139' title='bbox 572 2492 739 2556; x_wconf 85' lang='lat' dir='ltr'><strong>terribiles</strong></span> <span class='ocrx_word' id='word_1_140' title='bbox 763 2504 875 2557; x_wconf 86' lang='lat' dir='ltr'><strong>enatos</strong></span> <span class='ocrx_word' id='word_1_141' title='bbox 899 2491 1038 2571; x_wconf 89' lang='lat' dir='ltr'><strong>liberos,</strong></span> <span class='ocrx_word' id='word_1_142' title='bbox 1064 2513 1166 2578; x_wconf 87' lang='lat' dir='ltr'><strong>quam</strong></span> <span class='ocrx_word' id='word_1_143' title='bbox 1192 2503 1357 2578; x_wconf 86' lang='lat' dir='ltr'><strong>quotquot</strong></span> <span class='ocrx_word' id='word_1_144' title='bbox 1449 2478 1450 2529; x_wconf 69' lang='lat'><em>3</em></span> 
     </span>
     <span class='ocr_line' id='line_1_18' title="bbox 230 2603 1352 2694; baseline -0.001 -24"><span class='ocrx_word' id='word_1_145' title='bbox 230 2627 248 2670; x_wconf 89' lang='lat' dir='ltr'><strong>e</strong></span> <span class='ocrx_word' id='word_1_146' title='bbox 270 2603 371 2672; x_wconf 89' lang='lat' dir='ltr'><strong>Coelo</strong></span> <span class='ocrx_word' id='word_1_147' title='bbox 400 2606 565 2692; x_wconf 84' lang='lat' dir='ltr'><strong>Terraque</strong></span> <span class='ocrx_word' id='word_1_148' title='bbox 589 2606 662 2670; x_wconf 86' lang='lat' dir='ltr'><strong>nati</strong></span> <span class='ocrx_word' id='word_1_149' title='bbox 679 2607 759 2672; x_wconf 90' lang='lat' dir='ltr'><strong>sint.</strong></span> <span class='ocrx_word' id='word_1_150' title='bbox 788 2605 949 2694; x_wconf 83' lang='lat' dir='ltr'><strong>Amplexi</strong></span> <span class='ocrx_word' id='word_1_151' title='bbox 968 2605 1032 2672; x_wconf 90' lang='lat' dir='ltr'><strong>hoc</strong></span> <span class='ocrx_word' id='word_1_152' title='bbox 1055 2605 1293 2686; x_wconf 89' lang='lat' dir='ltr'><strong>Mombritius,</strong></span> <span class='ocrx_word' id='word_1_153' title='bbox 1314 2608 1352 2672; x_wconf 90' lang='lat' dir='ltr'><strong>L.</strong></span> 
     </span>
     <span class='ocr_line' id='line_1_19' title="bbox 231 2716 1354 2800; baseline 0.003 -18"><span class='ocrx_word' id='word_1_154' title='bbox 231 2717 396 2782; x_wconf 84' lang='lat' dir='ltr'><strong>Barlaeus.</strong></span> <span class='ocrx_word' id='word_1_155' title='bbox 421 2718 449 2784; x_wconf 90' lang='grc' dir='ltr'><strong>Ι.</strong></span> <span class='ocrx_word' id='word_1_156' title='bbox 472 2718 515 2784; x_wconf 88' lang='grc' dir='ltr'><strong>Η.</strong></span> <span class='ocrx_word' id='word_1_157' title='bbox 539 2716 684 2785; x_wconf 88' lang='lat' dir='ltr'><strong>Vossius.</strong></span> <span class='ocrx_word' id='word_1_158' title='bbox 726 2718 789 2785; x_wconf 85' lang='lat' dir='ltr'><strong>Sed</strong></span> <span class='ocrx_word' id='word_1_159' title='bbox 810 2722 955 2786; x_wconf 86' lang='lat' dir='ltr'><strong>alterum</strong></span> <span class='ocrx_word' id='word_1_160' title='bbox 975 2722 1190 2786; x_wconf 89' lang='lat' dir='ltr'><strong>construendi</strong></span> <span class='ocrx_word' id='word_1_161' title='bbox 1203 2722 1354 2800; x_wconf 90' lang='lat' dir='ltr'><strong>modum,</strong></span> 
     </span>
     <span class='ocr_line' id='line_1_20' title="bbox 229 2818 1357 2922; baseline 0.001 -26"><span class='ocrx_word' id='word_1_162' title='bbox 229 2854 296 2920; x_wconf 89' lang='lat' dir='ltr'><strong>quo</strong></span> <span class='ocrx_word' id='word_1_163' title='bbox 318 2819 413 2895; x_wconf 72' lang='lat' dir='ltr'><strong>‘Accu</strong></span> <span class='ocrx_word' id='word_1_164' title='bbox 433 2842 510 2919; x_wconf 83' lang='lat' dir='ltr'><strong>post</strong></span> <span class='ocrx_word' id='word_1_165' title='bbox 529 2818 650 2896; x_wconf 79' lang='grc' dir='ltr'><em>παίδων</em></span> <span class='ocrx_word' id='word_1_166' title='bbox 672 2844 839 2919; x_wconf 88' lang='lat' dir='ltr'><strong>ponatur,</strong></span> <span class='ocrx_word' id='word_1_167' title='bbox 872 2846 999 2899; x_wconf 86' lang='lat' dir='ltr'><strong>secutus</strong></span> <span class='ocrx_word' id='word_1_168' title='bbox 1023 2845 1073 2900; x_wconf 85' lang='lat' dir='ltr'><strong>est</strong></span> <span class='ocrx_word' id='word_1_169' title='bbox 1095 2857 1165 2899; x_wconf 92' lang='lat' dir='ltr'><strong>non</strong></span> <span class='ocrx_word' id='word_1_170' title='bbox 1187 2835 1357 2922; x_wconf 80' lang='lat' dir='ltr'><strong>inelegans</strong></span> 
     </span>
     <span class='ocr_line' id='line_1_21' title="bbox 195 2930 1355 3036; baseline 0.001 -27"><span class='ocrx_word' id='word_1_171' title='bbox 195 2930 197 2935; x_wconf 36' lang='lat'>⁵</span> <span class='ocrx_word' id='word_1_172' title='bbox 228 2944 395 3033; x_wconf 86' lang='lat' dir='ltr'><strong>interpres</strong></span> <span class='ocrx_word' id='word_1_173' title='bbox 420 2946 602 3033; x_wconf 82' lang='lat' dir='ltr'><strong>Zamagna,</strong></span> <span class='ocrx_word' id='word_1_174' title='bbox 635 2945 790 3011; x_wconf 84' lang='lat' dir='ltr'><strong>reddens:</strong></span> <span class='ocrx_word' id='word_1_175' title='bbox 828 2947 904 3011; x_wconf 87' lang='lat' dir='ltr'><strong>Non</strong></span> <span class='ocrx_word' id='word_1_176' title='bbox 924 2946 1000 3029; x_wconf 81' lang='lat' dir='ltr'><strong>alit,</strong></span> <span class='ocrx_word' id='word_1_177' title='bbox 1026 2947 1184 3011; x_wconf 80' lang='lat' dir='ltr'><strong>aetherios</strong></span> <span class='ocrx_word' id='word_1_178' title='bbox 1208 2959 1355 3036; x_wconf 79' lang='lat' dir='ltr'><strong>quotquot</strong></span> 
     </span>
     <span class='ocr_line' id='line_1_22' title="bbox 234 3057 1355 3148; baseline 0 -26"><span class='ocrx_word' id='word_1_179' title='bbox 234 3058 357 3124; x_wconf 81' lang='lat' dir='ltr'><strong>Tellure</strong></span> <span class='ocrx_word' id='word_1_180' title='bbox 377 3066 476 3123; x_wconf 83' lang='lat' dir='ltr'><strong>creati</strong></span> <span class='ocrx_word' id='word_1_181' title='bbox 491 3059 537 3122; x_wconf 87' lang='lat' dir='ltr'><strong>Et</strong></span> <span class='ocrx_word' id='word_1_182' title='bbox 560 3057 655 3124; x_wconf 87' lang='lat' dir='ltr'><strong>Coelo</strong></span> <span class='ocrx_word' id='word_1_183' title='bbox 673 3058 786 3122; x_wconf 73' lang='lat' dir='ltr'><strong>videre</strong></span> <span class='ocrx_word' id='word_1_184' title='bbox 797 3082 908 3139; x_wconf 85' lang='lat' dir='ltr'><strong>ouras,</strong></span> <span class='ocrx_word' id='word_1_185' title='bbox 923 3083 1015 3148; x_wconf 79' lang='lat' dir='ltr'><strong>mage</strong></span> <span class='ocrx_word' id='word_1_186' title='bbox 1034 3058 1150 3123; x_wconf 77' lang='lat' dir='ltr'><strong>viribus</strong></span> <span class='ocrx_word' id='word_1_187' title='bbox 1167 3081 1258 3122; x_wconf 81' lang='lat' dir='ltr'><strong>acres</strong></span> <span class='ocrx_word' id='word_1_188' title='bbox 1275 3059 1355 3122; x_wconf 81' lang='lat' dir='ltr'><strong>Sunt</strong></span> 
     </span>
     <span class='ocr_line' id='line_1_23' title="bbox 230 3170 1352 3260; baseline 0.002 -27"><span class='ocrx_word' id='word_1_189' title='bbox 230 3170 343 3249; x_wconf 75' lang='lat' dir='ltr'><strong>babiti,</strong></span> <span class='ocrx_word' id='word_1_190' title='bbox 368 3178 519 3260; x_wconf 80' lang='lat' dir='ltr'><strong>invisique</strong></span> <span class='ocrx_word' id='word_1_191' title='bbox 539 3194 597 3234; x_wconf 85' lang='lat' dir='ltr'><strong>suo</strong></span> <span class='ocrx_word' id='word_1_192' title='bbox 617 3180 732 3235; x_wconf 76' lang='lat' dir='ltr'><strong>vixere</strong></span> <span class='ocrx_word' id='word_1_193' title='bbox 744 3181 886 3260; x_wconf 83' lang='lat' dir='ltr'><strong>parenti.</strong></span> <span class='ocrx_word' id='word_1_194' title='bbox 920 3172 1130 3251; x_wconf 83' lang='lat' dir='ltr'><strong>Basileensis,</strong></span> <span class='ocrx_word' id='word_1_195' title='bbox 1150 3170 1352 3250; x_wconf 88' lang='lat' dir='ltr'><strong>Schmidius,</strong></span> 
     </span>
     <span class='ocr_line' id='line_1_24' title="bbox 230 3282 1354 3362; baseline -0.002 -13"><span class='ocrx_word' id='word_1_196' title='bbox 230 3282 404 3361; x_wconf 88' lang='lat' dir='ltr'><strong>Graevius,</strong></span> <span class='ocrx_word' id='word_1_197' title='bbox 420 3283 491 3361; x_wconf 90' lang='lat' dir='ltr'><strong>alii,</strong></span> <span class='ocrx_word' id='word_1_198' title='bbox 508 3282 649 3350; x_wconf 85' lang='lat' dir='ltr'><strong>verbum</strong></span> <span class='ocrx_word' id='word_1_199' title='bbox 660 3284 763 3350; x_wconf 81' lang='lat' dir='ltr'><strong>verbo</strong></span> <span class='ocrx_word' id='word_1_200' title='bbox 777 3285 1007 3362; x_wconf 87' lang='lat' dir='ltr'><strong>reddiderunt,</strong></span> <span class='ocrx_word' id='word_1_201' title='bbox 1021 3284 1306 3352; x_wconf 83' lang='lat' dir='ltr'><strong>constructionem</strong></span> <span class='ocrx_word' id='word_1_202' title='bbox 1322 3293 1354 3348; x_wconf 89' lang='lat' dir='ltr'><strong>et</strong></span> 
     </span>
     <span class='ocr_line' id='line_1_25' title="bbox 229 3395 1353 3483; baseline 0 -22"><span class='ocrx_word' id='word_1_203' title='bbox 229 3395 429 3462; x_wconf 86' lang='lat' dir='ltr'><strong>sententiam</strong></span> <span class='ocrx_word' id='word_1_204' title='bbox 452 3417 521 3460; x_wconf 88' lang='lat' dir='ltr'><strong>nou</strong></span> <span class='ocrx_word' id='word_1_205' title='bbox 551 3396 806 3483; x_wconf 86' lang='lat' dir='ltr'><strong>expediverunt.</strong></span> <span class='ocrx_word' id='word_1_206' title='bbox 854 3395 1022 3476; x_wconf 88' lang='lat' dir='ltr'><strong>Wolfius,</strong></span> <span class='ocrx_word' id='word_1_207' title='bbox 1046 3396 1255 3461; x_wconf 86' lang='lat' dir='ltr'><strong>dissimulata</strong></span> <span class='ocrx_word' id='word_1_208' title='bbox 1279 3419 1353 3461; x_wconf 86' lang='lat' dir='ltr'><strong>am·</strong></span> 
     </span>
     <span class='ocr_line' id='line_1_26' title="bbox 229 3496 1353 3596; baseline 0 -22"><span class='ocrx_word' id='word_1_209' title='bbox 229 3509 402 3596; x_wconf 87' lang='lat' dir='ltr'><strong>biguitate,</strong></span> <span class='ocrx_word' id='word_1_210' title='bbox 427 3508 661 3573; x_wconf 87' lang='lat' dir='ltr'><strong>tantummodo</strong></span> <span class='ocrx_word' id='word_1_211' title='bbox 675 3507 778 3587; x_wconf 82' lang='lat' dir='ltr'><strong>dixit,</strong></span> <span class='ocrx_word' id='word_1_212' title='bbox 792 3510 1054 3575; x_wconf 89' lang='lat' dir='ltr'><strong>construendum</strong></span> <span class='ocrx_word' id='word_1_213' title='bbox 1076 3496 1255 3575; x_wconf 73' lang='grc' dir='ltr'><em>δεινότατοι</em></span> <span class='ocrx_word' id='word_1_214' title='bbox 1277 3501 1353 3574; x_wconf 87' lang='grc' dir='ltr'><em>παί·</em></span> 
     </span>
     <span class='ocr_line' id='line_1_27' title="bbox 230 3600 1353 3710; baseline -0.002 -22"><span class='ocrx_word' id='word_1_215' title='bbox 230 3609 291 3688; x_wconf 85' lang='grc' dir='ltr'><strong>δαν</strong></span> <span class='ocrx_word' id='word_1_216' title='bbox 314 3600 396 3701; x_wconf 68' lang='grc' dir='ltr'><em>ἦσαν</em></span> <span class='ocrx_word' id='word_1_217' title='bbox 417 3612 474 3684; x_wconf 72' lang='grc' dir='ltr'><strong>καὶ</strong></span> <span class='ocrx_word' id='word_1_218' title='bbox 496 3607 640 3710; x_wconf 72' lang='grc' dir='ltr'><em>ἤχθοντο</em></span> <span class='ocrx_word' id='word_1_219' title='bbox 664 3612 818 3709; x_wconf 80' lang='grc' dir='ltr'><em>σφετέρῳ</em></span> <span class='ocrx_word' id='word_1_220' title='bbox 843 3601 949 3702; x_wconf 61' lang='lat' dir='ltr'><strong>robii·</strong></span> <span class='ocrx_word' id='word_1_221' title='bbox 970 3621 1122 3708; x_wconf 80' lang='lat' dir='ltr'><strong>Heynius</strong></span> <span class='ocrx_word' id='word_1_222' title='bbox 1138 3632 1275 3686; x_wconf 85' lang='lat' dir='ltr'><strong>tantum</strong></span> <span class='ocrx_word' id='word_1_223' title='bbox 1295 3622 1353 3686; x_wconf 85' lang='lat' dir='ltr'><strong>ad·</strong></span> 
     </span>
     <span class='ocr_line' id='line_1_28' title="bbox 229 3718 1353 3822; baseline -0.006 -18"><span class='ocrx_word' id='word_1_224' title='bbox 229 3736 377 3803; x_wconf 80' lang='lat' dir='ltr'><strong>notavit:</strong></span> <span class='ocrx_word' id='word_1_225' title='bbox 410 3724 504 3800; x_wconf 80' lang='grc' dir='ltr'><em>ίπποι</em></span> <span class='ocrx_word' id='word_1_226' title='bbox 527 3722 597 3822; x_wconf 75' lang='grc' dir='ltr'><strong>γαρ</strong></span> <span class='ocrx_word' id='word_1_227' title='bbox 621 3764 673 3779; x_wconf 87' lang='lat'><strong>—-</strong></span> <span class='ocrx_word' id='word_1_228' title='bbox 696 3718 818 3798; x_wconf 86' lang='grc' dir='ltr'><em>παίδων</em></span> <span class='ocrx_word' id='word_1_229' title='bbox 842 3745 906 3813; x_wconf 78' lang='lat' dir='ltr'><strong>pro</strong></span> <span class='ocrx_word' id='word_1_230' title='bbox 935 3720 1067 3814; x_wconf 84' lang='grc' dir='ltr'><em>παίδει,</em></span> <span class='ocrx_word' id='word_1_231' title='bbox 1100 3734 1190 3800; x_wconf 91' lang='lat' dir='ltr'><strong>unde</strong></span> <span class='ocrx_word' id='word_1_232' title='bbox 1217 3734 1353 3822; x_wconf 83' lang='lat' dir='ltr'><strong>colligas</strong></span> 
     </span>
    </p>
   </div>
   <div class='ocr_carea' id='block_1_4' title="bbox 112 3843 1353 4049">
    <p class='ocr_par' dir='ltr' id='par_1_4' title="bbox 112 3843 1353 4049">
     <span class='ocr_line' id='line_1_29' title="bbox 128 3843 1352 3933; baseline -0.004 -18"><span class='ocrx_word' id='word_1_233' title='bbox 128 3855 131 3864; x_wconf 89' lang='lat'>&#39;</span> <span class='ocrx_word' id='word_1_234' title='bbox 230 3850 412 3926; x_wconf 84' lang='lat' dir='ltr'><strong>duntaxat,</strong></span> <span class='ocrx_word' id='word_1_235' title='bbox 435 3846 546 3915; x_wconf 81' lang='lat' dir='ltr'><strong>visum</strong></span> <span class='ocrx_word' id='word_1_236' title='bbox 566 3846 616 3924; x_wconf 91' lang='lat' dir='ltr'><strong>ei,</strong></span> <span class='ocrx_word' id='word_1_237' title='bbox 645 3846 780 3933; x_wconf 78' lang='lat' dir='ltr'><strong>po&#39;etam</strong></span> <span class='ocrx_word' id='word_1_238' title='bbox 800 3867 914 3910; x_wconf 88' lang='lat' dir='ltr'><strong>omnes</strong></span> <span class='ocrx_word' id='word_1_239' title='bbox 935 3845 1062 3933; x_wconf 88' lang='lat' dir='ltr'><strong>pariter</strong></span> <span class='ocrx_word' id='word_1_240' title='bbox 1086 3843 1180 3912; x_wconf 84' lang='lat' dir='ltr'><strong>Coeli</strong></span> <span class='ocrx_word' id='word_1_241' title='bbox 1207 3846 1352 3916; x_wconf 82' lang='lat' dir='ltr'><strong>Terrae-</strong></span> 
     </span>
     <span class='ocr_line' id='line_1_30' title="bbox 112 3957 1353 4049; baseline -0.005 -21"><span class='ocrx_word' id='word_1_242' title='bbox 112 3972 118 3979; x_wconf 82' lang='grc'><strong>“</strong></span> <span class='ocrx_word' id='word_1_243' title='bbox 229 3985 293 4049; x_wconf 88' lang='lat' dir='ltr'><strong>que</strong></span> <span class='ocrx_word' id='word_1_244' title='bbox 319 3963 442 4028; x_wconf 87' lang='lat' dir='ltr'><strong>liberos</strong></span> <span class='ocrx_word' id='word_1_245' title='bbox 475 3960 608 4049; x_wconf 88' lang='lat' dir='ltr'><strong>parenti</strong></span> <span class='ocrx_word' id='word_1_246' title='bbox 640 3959 765 4024; x_wconf 87' lang='lat' dir='ltr'><strong>invisos</strong></span> <span class='ocrx_word' id='word_1_247' title='bbox 795 3957 937 4035; x_wconf 86' lang='lat' dir='ltr'><strong>dixisse,</strong></span> <span class='ocrx_word' id='word_1_248' title='bbox 971 3958 1082 4044; x_wconf 90' lang='lat' dir='ltr'><strong>itaque</strong></span> <span class='ocrx_word' id='word_1_249' title='bbox 1113 3958 1216 4021; x_wconf 86' lang='lat' dir='ltr'><strong>etiam</strong></span> <span class='ocrx_word' id='word_1_250' title='bbox 1240 3979 1353 4022; x_wconf 86' lang='lat' dir='ltr'><strong>omues</strong></span> 
     </span>
    </p>
   </div>
   <div class='ocr_carea' id='block_1_5' title="bbox 229 4068 1353 4163">
    <p class='ocr_par' dir='ltr' id='par_1_5' title="bbox 229 4068 1353 4163">
     <span class='ocr_line' id='line_1_31' title="bbox 229 4068 1353 4163; baseline -0.005 -24"><span class='ocrx_word' id='word_1_251' title='bbox 229 4076 357 4163; x_wconf 88' lang='lat' dir='ltr'><strong>pariter</strong></span> <span class='ocrx_word' id='word_1_252' title='bbox 391 4075 468 4140; x_wconf 45' lang='lat' dir='ltr'><strong>eius*</strong></span> <span class='ocrx_word' id='word_1_253' title='bbox 489 4072 661 4140; x_wconf 83' lang='lat' dir='ltr'><strong>saevitiam</strong></span> <span class='ocrx_word' id='word_1_254' title='bbox 678 4108 680 4114; x_wconf 55' lang='lat'><em>2</em></span> <span class='ocrx_word' id='word_1_255' title='bbox 695 4082 860 4158; x_wconf 88' lang='lat' dir='ltr'><strong>expertos.</strong></span> <span class='ocrx_word' id='word_1_256' title='bbox 916 4069 1008 4134; x_wconf 91' lang='lat' dir='ltr'><strong>Idem</strong></span> <span class='ocrx_word' id='word_1_257' title='bbox 1036 4068 1197 4134; x_wconf 88' lang='lat' dir='ltr'><strong>censuisse</strong></span> <span class='ocrx_word' id='word_1_258' title='bbox 1220 4071 1353 4135; x_wconf 87' lang='lat' dir='ltr'><strong>videtur</strong></span> 
     </span>
    </p>
   </div>
   <div class='ocr_carea' id='block_1_6' title="bbox 131 4181 1352 4367">
    <p class='ocr_par' dir='ltr' id='par_1_6' title="bbox 131 4181 1352 4367">
     <span class='ocr_line' id='line_1_32' title="bbox 131 4181 1351 4275; baseline -0.007 -20"><span class='ocrx_word' id='word_1_259' title='bbox 131 4242 134 4247; x_wconf 65' lang='lat'><strong>,</strong></span> <span class='ocrx_word' id='word_1_260' title='bbox 230 4189 441 4254; x_wconf 86' lang='lat' dir='ltr'><strong>Hermannus</strong></span> <span class='ocrx_word' id='word_1_261' title='bbox 462 4186 583 4275; x_wconf 86' lang='lat' dir='ltr'><strong>Opusc.</strong></span> <span class='ocrx_word' id='word_1_262' title='bbox 610 4185 655 4249; x_wconf 93' lang='lat' dir='ltr'><strong>ll.</strong></span> <span class='ocrx_word' id='word_1_263' title='bbox 676 4207 711 4271; x_wconf 87' lang='lat' dir='ltr'><strong>p.</strong></span> <span class='ocrx_word' id='word_1_264' title='bbox 739 4187 814 4252; x_wconf 90' lang='grc'><strong>176.</strong></span> <span class='ocrx_word' id='word_1_265' title='bbox 834 4182 860 4249; x_wconf 83' lang='lat' dir='ltr'><strong>f.</strong></span> <span class='ocrx_word' id='word_1_266' title='bbox 884 4207 918 4271; x_wconf 92' lang='lat' dir='ltr'><strong>p.</strong></span> <span class='ocrx_word' id='word_1_267' title='bbox 941 4185 1014 4247; x_wconf 93' lang='grc'><strong>177.</strong></span> <span class='ocrx_word' id='word_1_268' title='bbox 1034 4181 1111 4247; x_wconf 88' lang='lat' dir='ltr'><strong>init.</strong></span> <span class='ocrx_word' id='word_1_269' title='bbox 1158 4181 1232 4269; x_wconf 84' lang='lat' dir='ltr'><strong>Qua</strong></span> <span class='ocrx_word' id='word_1_270' title='bbox 1259 4205 1351 4271; x_wconf 72' lang='lat' dir='ltr'><strong>prae«</strong></span> 
     </span>
     <span class='ocr_line' id='line_1_33' title="bbox 230 4285 1352 4367; baseline -0.007 -2"><span class='ocrx_word' id='word_1_271' title='bbox 230 4302 297 4365; x_wconf 80' lang='lat' dir='ltr'><strong>lata</strong></span> <span class='ocrx_word' id='word_1_272' title='bbox 318 4301 445 4365; x_wconf 85' lang='lat' dir='ltr'><strong>ratione</strong></span> <span class='ocrx_word' id='word_1_273' title='bbox 466 4312 579 4364; x_wconf 90' lang='lat' dir='ltr'><strong>tamen</strong></span> <span class='ocrx_word' id='word_1_274' title='bbox 602 4285 715 4367; x_wconf 74' lang='grc' dir='ltr'><em>παῖδες</em></span> <span class='ocrx_word' id='word_1_275' title='bbox 737 4298 859 4362; x_wconf 86' lang='lat' dir='ltr'><strong>rectius</strong></span> <span class='ocrx_word' id='word_1_276' title='bbox 881 4297 920 4361; x_wconf 88' lang='lat' dir='ltr'><strong>ad</strong></span> <span class='ocrx_word' id='word_1_277' title='bbox 944 4297 1029 4361; x_wconf 88' lang='lat' dir='ltr'><strong>solos</strong></span> <span class='ocrx_word' id='word_1_278' title='bbox 1051 4294 1264 4365; x_wconf 85' lang='lat' dir='ltr'><strong>referendum</strong></span> <span class='ocrx_word' id='word_1_279' title='bbox 1289 4295 1352 4358; x_wconf 85' lang='lat' dir='ltr'><strong>erit</strong></span> 
     </span>
    </p>
   </div>
   <div class='ocr_carea' id='block_1_7' title="bbox 0 0 1488 5209">
    <p class='ocr_par' dir='ltr' id='par_1_7' title="bbox 0 0 1488 5209">
     <span class='ocr_line' id='line_1_34' title="bbox 0 0 1488 5209; baseline 0 3"><span class='ocrx_word' id='word_1_280' title='bbox 0 0 1488 5209; x_wconf 95' lang='lat' dir='ltr'><strong> </strong></span> 
     </span>
    </p>
   </div>
  </div>
 </body>
</html>
