2967 5209
248 477 321 553 298
692 506 936 557 conmissum

248 674 305 743 lv.
331 676 406 741 184.
427 674 604 741 dicebatur
621 675 663 741 ab
684 677 850 766 indigenis
858 674 886 765 ,)⁴
905 676 1113 744 attributum
1131 675 1237 743 fuerit
1254 678 1293 742 in
1316 678 1388 744 ho·

246 809 365 854 notem
385 788 456 853 aive
469 787 550 867 eius,
573 790 633 877 qui
650 790 901 877 expeditionem
922 790 1078 867 duxerat,
1094 790 1164 856 sive
1174 789 1388 876 antiquioris

245 899 403 979 Atlantis,
427 900 522 967 ouius
543 901 693 967 maxime
715 902 863 968 inventis
880 903 1086 968 incrementa
1105 923 1157 967 res
1174 903 1304 968 navalis
1325 925 1380 968 ce·

244 1024 355 1102 perat3
379 1012 461 1077 hinc
481 1024 609 1093 autem,
634 1036 711 1078 cum
739 1036 837 1079 mons
864 1015 924 1081 ille
943 1000 1076 1079 coelum
1096 1015 1260 1102 attingere
1277 1014 1379 1081 vide·

243 1139 349 1207 retur,
373 1128 461 1215 quod
485 1127 612 1192 montis
635 1139 726 1206 esset,
751 1127 932 1215 paullatim
948 1137 1104 1213 coeptum
1119 1147 1184 1190 esse
1201 1126 1234 1190 ei
1252 1125 1382 1204 tribui,

244 1264 262 1307 a
286 1263 353 1327 quo
374 1264 473 1305 mons
494 1240 614 1308 dictus.
659 1242 704 1307 Et
722 1263 823 1319 vero,
846 1240 874 1304 si
894 1239 1104 1304 tumulatum
1124 1238 1240 1303 subeo
1258 1249 1380 1304 monte

243 1352 345 1420 fuisse
375 1353 493 1419 ducem
526 1352 753 1441 expeditionis
774 1362 974 1429 statuamus,
999 1351 1113 1439 potuit
1134 1351 1196 1417 ille
1216 1351 1375 1438 mythico

241 1486 392 1531 sermone
422 1465 489 1530 dici
520 1457 609 1531 κίονα
633 1458 761 1554 οὐρανοῦ
787 1458 881 1555 ’ἔχειν
912 1476 946 1530 et
966 1464 1068 1543 hinc,
1090 1464 1255 1529 innixum
1278 1464 1375 1550 quasi

241 1578 298 1644 illi
315 1560 456 1656 fulcro.
470 1580 601 1644 coelum
620 1548 928 1667 ipsum⁴sustinere
963 1577 1114 1663 Namque
1130 1575 1221 1640 mihi
1233 1575 1373 1662 quidem

241 1690 450 1781 probabilior
482 1714 517 1757 ea
538 1692 626 1757 ratio
645 1692 840 1780 explicandi
860 1690 1013 1758 fabulam
1037 1691 1188 1769 videtur,
1217 1712 1323 1778 quam
1345 1691 1372 1755 si

240 1829 318 1871 oum
341 1805 503 1873 Veterum
528 1806 705 1872 nonnullis
727 1817 928 1887 statuamus,
951 1806 1103 1891 Atlantis
1117 1806 1273 1872 divinam
1299 1829 1375 1872 ooe·

240 1919 377 1986 lestium
406 1919 631 2009 cognitionem
667 1942 847 2007 earumque
871 1942 987 1986 rerum
1010 1920 1049 1987 in
1073 1931 1191 1985 monte
1214 1919 1376 1987 observa·

239 2034 366 2098 tionem
390 2033 572 2121 paullatim
595 2034 738 2100 adeum
762 2016 910 2100 errorem
932 2032 1068 2100 fabulae
1086 2033 1265 2099 traductas.
1290 2033 1370 2100 Vid.

241 2145 357 2213 Cicero
381 2148 420 2213 T.
446 2145 488 2234 Q.
513 2146 555 2216 V.
579 2147 612 2213 2.
636 2146 751 2233 ibique
773 2147 886 2213 Daris.

281 2376 405 2445 Versus
427 2378 490 2442 517
516 2374 728 2463 principium
749 2374 832 2438 citat
852 2376 968 2462 Etym.
990 2375 1037 2441 M.
1053 2398 1088 2463 p.
1116 2376 1189 2440 164.
1214 2374 1267 2440 27.
1315 2375 1368 2441 Ex

242 2489 351 2556 Procli
374 2490 413 2552 in
435 2488 612 2554 Timaeum
635 2487 888 2555 Commentario
912 2513 946 2578 p.
972 2493 1025 2556 53.
1051 2493 1105 2557 29.
1130 2489 1201 2556 fere
1219 2489 1372 2577 colligasp
1453 2554 1454 2557 ,

238 2623 372 2666 versum
382 2604 445 2667 517
458 2613 492 2666 et
506 2600 672 2689 sequentis
687 2601 898 2689 principium
912 2602 1014 2668 etiam
1028 2602 1066 2667 in
1078 2602 1239 2691 Orphicis
1255 2600 1366 2668 fuisse.

239 2712 338 2781 Conf.
359 2716 415 2783 Fr.
435 2713 545 2803 Orph.
570 2713 708 2781 XXXV.

281 2964 314 3007 v.
340 2944 416 3008 518.
440 2941 609 3006 Dicuntur
630 2941 697 3021 hic,
721 2952 761 3005 ut
775 2962 874 3028 supra
892 2964 926 3005 v.
944 2942 1033 3019 275„
1056 2939 1250 3028 Hesperides
1271 2936 1369 3027 λιγύ

236 3050 336 3140 <ilcan
369 3053 490 3144 (dictae
519 3055 650 3120 easdem
683 3054 725 3119 ab
760 3052 880 3141 Eurip.
914 3053 952 3119 in
987 3053 1082 3118 Herc.
1116 3054 1196 3119 Fur.
1227 3075 1259 3120 v.
1289 3053 1369 3117 394.

237 3154 379 3255 ὑμνῳδοὶ
400 3179 435 3234 et
451 3168 554 3257 Hipp.
574 3190 608 3236 v.
630 3167 705 3235 743.
731 3154 851 3251 ἀοιδοὶ)
877 3178 916 3231 ut
938 3166 1113 3231 inducitur
1135 3165 1225 3254 apud
1246 3164 1367 3230 Homo·

236 3300 313 3343 rum
337 3277 436 3346 Circe
455 3303 575 3347 canens
600 3280 664 3349 Od.
688 3282 727 3347 li.
754 3281 830 3347 221.
852 3279 938 3345 Mire
958 3278 1185 3366 Goettlingins
1207 3289 1367 3343 exortum

235 3414 253 3456 e
277 3392 426 3480 Ligyum
448 3393 587 3459 nomine
611 3392 812 3458 vocabulum
845 3389 963 3455 statuit
983 3400 1016 3454 et
1036 3388 1232 3476 Hesperides
1251 3387 1291 3451 in
1309 3387 1369 3451 Li·

234 3527 341 3594 gyum
360 3504 496 3593 regione
515 3504 679 3572 habitasse
702 3506 789 3570 vult.
837 3502 914 3569 ntia
936 3500 1088 3609 profecto
1108 3501 1249 3566 suadent
1266 3521 1366 3587 supra

235 3639 267 3683 v.
293 3617 359 3681 274
380 3639 447 3704 seq.

280 3861 311 3904 v.
343 3841 408 3905 519
441 3837 638 3904 addititium
657 3839 788 3904 cenauit
812 3838 986 3927 Guyetus,
1009 3838 1205 3915 nesoic‚‘an
1225 3837 1370 3903 offensus

233 3952 407 4018 mentione
423 3972 589 4016 manuum
616 3951 776 4030 Atlantis,
799 3975 877 4016 cum
894 3952 960 4040 ipsi
982 3951 1108 4016 montis
1122 3949 1232 4038 imago
1246 3949 1364 4016 obver-

232 4077 382 4146 saretur,
403 4064 513 4153 qualia
532 4065 697 4154 descripta
720 4076 770 4130 est
790 4087 809 4130 a
827 4065 976 4154 Virgilio
999 4065 1059 4133 IV.
1082 4065 1165 4131 Aen.
1190 4064 1364 4151 attaeqq.

234 4179 271 4243 in
299 4201 365 4265 qua
380 4179 602 4267 probabiliter
623 4179 810 4244 memorari
830 4192 930 4268 caput
952 4191 985 4244 et
1006 4178 1162 4255 humeri,
1185 4199 1259 4243 non
1282 4179 1364 4244 item

234 4314 354 4357 manus
374 4304 542 4378 poterant.
