2967 5209
467 529 498 576 ιιι
525 528 649 578 smrcm
673 528 888 577 ιιιιιοιοιιιιιι.
1170 486 1237 573 301

90 697 200 763 idem
237 697 332 766 video
358 709 471 787 postea
498 699 658 788 placuisse
688 699 839 789 lieynio‚
869 700 908 764 ad
937 698 978 764 ll.
1011 695 1052 765 Ο.
1079 699 1130 763 15.
1156 707 1243 762 recte
1369 746 1371 751 .

87 809 325 897 comparanti
346 799 499 879 Ἡσιόδου
532 798 654 903 ψυχὴν
681 803 759 901 πρὸς
785 804 862 878 κίονι
893 802 1039 901 χαλκέῳ
1075 797 1242 894 δεδεμένην

90 921 199 1008 apud
224 921 323 1011 Diog.
347 924 459 993 Laert.
476 924 569 993 VlIl.
593 927 647 993 21.
679 924 825 994 Vincula
847 922 976 989 mediae
997 921 1173 986 columnae
1189 921 1242 986 in·

90 1033 173 1098 fixa
199 1034 426 1125 intelligenda
447 1037 549 1103 duxit
563 1036 667 1103 etiam
684 1035 947 1114 Hermannusin
964 1032 1112 1100 Censura
1127 1031 1244 1100 Gcett·

91 1147 297 1235 lingianae.

144 1259 400 1327 Prometheum
420 1260 565 1349 adfixam
588 1261 730 1328 Caucaso
753 1271 919 1327 memorat
940 1259 1058 1328 Cicero
1078 1259 1119 1326 T.
1139 1256 1183 1345 Q.
1200 1257 1243 1325 V.

93 1376 133 1440 3.
169 1372 246 1438 hoc
274 1395 413 1467 quoque
431 1374 472 1439 ad
494 1375 649 1442 divinam
670 1375 713 1441 in·
736 1397 776 1440 ec
802 1372 998 1440 coelestium
1017 1371 1244 1460 cognitionem

91 1481 282 1565 referens,
306 1509 408 1574 quem
422 1488 560 1568 scilicet,
580 1499 620 1554 ut
640 1488 790 1576 explicat
807 1485 944 1554 Servius
964 1486 1006 1552 ad
1024 1484 1150 1573 virgil.
1171 1484 1246 1550 Eel.

94 1597 165 1667 VI·
197 1598 257 1665 42.
281 1590 315 1662 in
340 1598 494 1664 uberrimo
518 1599 801 1679 montemidens,
821 1606 1019 1663 nimiarum
1043 1597 1247 1662 etsclltcttu-

97 1711 183 1777 dine
204 1710 468 1799 deprehenderat.
495 1712 595 1782 conf.
620 1713 778 1803 Aeschyl.
803 1712 915 1779 Prcm.
941 1714 1003 1779 457
1027 1732 1113 1798 seqq.
1142 1709 1248 1798 Aqui·

97 1826 179 1891 lam
217 1825 261 1890 ad
290 1847 388 1891 curas
416 1824 571 1897 referunt
593 1828 696 1894 etiam
726 1827 840 1895 Schol.
871 1839 905 1892 et
927 1825 1075 1917 Allegor.
1098 1825 1139 1891 ad
1161 1825 1197 1891 h.
1220 1826 1246 1891 l.
1308 1892 1320 1921 ‚

101 1935 218 2017 Sane,
245 1949 285 2003 ut
301 1938 445 2027 figurato
465 1962 617 2006 sermone
634 1962 713 2004 cura
731 1940 840 2019 edere,
858 1961 914 2005 seu
929 1939 1042 2003 rodere
1058 1961 1127 2022 cor,
1149 1946 1248 2016 iecur,

100 2059 255 2116 animum
276 2051 421 2133 dicitur,
442 2052 491 2118 ita
512 2053 626 2141 potuit
647 2052 805 2140 mythico
827 2072 980 2117 sermone
998 2050 1168 2116 inhaere
1185 2071 1249 2138 pro

101 2187 191 2231 cura
215 2165 402 2231 memorari
424 2166 554 2254 aquila,
579 2167 635 2232 vel
656 2165 722 2231 alia
742 2164 907 2252 quaedam
921 2163 992 2230 avis
1008 2164 1049 2229 de
1061 2161 1248 2250 rapacibus,
1315 2142 1328 2161 ⁰

102 2279 201 2368 quod
222 2278 263 2345 in
279 2279 383 2368 Tityo
396 2278 525 2345 factum
540 2281 618 2347 vult
633 2279 809 2346 Lucretius
821 2278 882 2347 111.
894 2281 979 2345 1005
994 2300 1060 2366 seq.
1085 2276 1249 2345 Fluvium

104 2383 234 2461 Acris
267 2393 416 2472 dictum,
447 2391 640 2458 Promethei
663 2389 869 2480 Scytharum
898 2390 985 2479 regis
1014 2411 1109 2478 agros
1142 2386 1249 2454 abro-

106 2507 271 2585 dentem,
306 2505 421 2570 minus
442 2503 667 2593 probabiliter
690 2503 875 2570 commenti
899 2514 978 2568 sunt
1002 2501 1192 2568 Herodorus
1216 2512 1251 2566 et

107 2621 292 2708 agroctas,
316 2629 441 2685 veteres
468 2617 640 2699 historici,
665 2629 749 2684 teste
771 2616 956 2685 Scholiasta
968 2615 1144 2705 Apollonii
1158 2616 1251 2682 Rho·

109 2735 163 2799 dii
194 2735 239 2799 ad
272 2732 316 2799 11.
347 2734 443 2800 1248.
465 2733 522 2799 cui
543 2755 601 2798 sua
619 2732 716 2799 debet
736 2732 934 2820 Eudociap.
956 2732 1023 2798 346
1042 2753 1106 2818 seq.
1154 2730 1252 2798 Cete-

109 2870 194 2912 rum
213 2867 347 2924 omnes,
371 2845 432 2933 qui
451 2843 603 2911 fabulam
623 2846 838 2934 interpretati
858 2858 957 2925 aunt,
981 2844 1156 2933 Scythiam
1172 2845 1252 2911 Pro·

17 3010 22 3019 .
111 2960 255 3026 metheo
276 2958 424 3045 patriam
444 2958 656 3038 tribuerunt,
689 2960 796 3047 quod,
823 2959 956 3024 tametsi
986 2959 1137 3024 alienum
1159 2957 1249 3023 haud

113 3072 222 3139 dubie
249 3068 320 3135 fuit
346 3079 501 3135 amente
522 3070 700 3158 Aeschyli,
737 3071 826 3159 apud
849 3093 951 3158 quem
973 3070 1191 3136 Prometheus
1213 3093 1251 3135 ec

114 3196 282 3270 tanquam
305 3182 342 3247 in
364 3181 527 3248 exsilium
545 3181 732 3261 deducitur,
750 3205 811 3248 nec
822 3181 959 3248 fortasse
972 3183 1079 3272 magis
1095 3182 1252 3271 congruit

115 3319 199 3362 cum
231 3306 343 3361 mente
370 3295 523 3378 Hesiodi,
548 3295 608 3384 qui
631 3295 871 3362 Prometheum
893 3296 1051 3376 induxit,
1075 3308 1153 3364 ante
1171 3318 1253 3386 poe-

116 3431 203 3476 nam
225 3406 457 3475 obversantem
479 3406 651 3486 Meconae,
675 3407 904 3474 nibilominus
923 3408 1071 3497 aliquam
1091 3410 1164 3477 veri
1179 3405 1253 3497 spe·

118 3522 208 3588 ciem
233 3519 354 3600 habet,
377 3531 540 3609 quatenus
563 3520 791 3609 lapetidarum
814 3521 1047 3609 antiquissima
1074 3524 1163 3589 sedes
1183 3521 1254 3587 fuit

120 3634 268 3700 subiecta
287 3631 430 3699 Carcaso
449 3633 489 3699 ad
502 3633 681 3700 meridiem
702 3634 810 3721 regio,
836 3634 925 3698 unde
943 3633 1098 3721 primurn
1117 3634 1254 3699 inPon·

121 3760 199 3813 tum
229 3770 265 3813 ec
288 3745 481 3835 Scythiam,
514 3747 595 3811 hinc
616 3746 795 3835 migrando
818 3745 972 3833 deinceps
990 3746 1029 3811 in
1050 3746 1251 3827 Thraciam,

124 3860 371 3938 Macedoniam,
400 3858 606 3925 Thessaliam
632 3858 797 3925 venerint.
852 3857 983 3923 Horum
1008 3858 1191 3925 hominum
1215 3859 1253 3925 in

26 3982 33 3995 ⁸
126 3973 301 4041 Graeciam
331 3971 537 4037 advenarum
567 3970 778 4036 traditiones
795 3971 975 4036 necessario
997 3973 1107 4037 multa
1128 3971 1254 4038 habue-

126 4097 224 4163 runt,
248 4085 337 4151 unde
360 4082 626 4172 Scytha-Asiana
644 4082 797 4171 ipsorum
821 4082 916 4170 origo
941 4094 1191 4172 agnosceretur,
1216 4096 1256 4150 ut

128 4197 269 4286 proinde
300 4196 437 4266 Caucasi
466 4206 500 4261 et
529 4193 686 4283 Scythiae
718 4193 846 4259 mentio
876 4194 915 4260 in
945 4195 1042 4261 rebus
1057 4197 1255 4264 'Promethei

132 4312 212 4374 n‘cn.
226 4311 330 4398 magis
345 4309 562 4377 mirationem
586 4306 693 4376 facere
713 4308 840 4388 debeat,
858 4332 958 4398 quam
981 4324 1077 4399 peter
1093 4312 1125 4377 ei
1145 4312 1256 4379 tribu-
