2967 5209
250 506 324 581 332
686 516 926 580 conmissus

245 703 460 771 sommodum
486 724 619 768 sensum
652 702 812 782 habeant,
843 701 1016 770 referenda
1048 706 1090 771 sd
1123 705 1226 791 styga
1249 711 1378 789 putat.
1445 713 1450 757 1

245 817 360 904 Imque
380 836 491 882 versus
505 815 697 894 713-115,
718 817 780 881 ’131
798 813 1020 881 subiiciendos
1036 828 1145 882 censet
1167 814 1375 881 1011111775.

243 928 408 1017 Equidem
433 950 503 995 non
523 927 638 1006 video,
660 948 723 993 cur
744 915 879 1017 χάσμα
900 927 989 993 illud
1008 929 1253 1016 procellosum,
1278 925 1377 1013 qnod
1448 918 1450 927 '

243 1052 451 1108 memoretur
468 1063 501 1108 v.
518 1040 584 1106 740·
601 1061 701 1128 seqq„
718 1040 831 1104 minus
841 1051 929 1105 recte
945 1039 1013 1104 dici
1027 1031 1123 1128 τέρας
1137 1038 1251 1128 possit,
1265 1057 1374 1123 qnam

240 1155 332 1244 apud
350 1154 486 1221 Pindar.
508 1154 613 1242 Pyth:
631 1153 658 1220 1.
679 1153 732 1219 19.
756 1144 1014 1241 plurumpen'tss
1027 1152 1069 1218 ab
1086 1153 1192 1220 Aetna
1210 1150 1373 1216 flammae

241 1277 276 1332 et
291 1266 330 1332 in
353 1265 500 1332 eiusdem
524 1264 662 1335 Pindari
682 1262 727 1331 fr.
748 1265 837 1353 spud
856 1264 991 1331 Philon.
1011 1264 1053 1331 de
1068 1263 1228 1353 Conupt.
1245 1261 1370 1328 Mundi

242 1381 282 1449 Τ.
301 1378 344 1445 11.
364 1401 399 1467 p.
418 1379 493 1443 511.
513 1377 574 1444 Ed.
593 1376 704 1464 Msng.
720 1387 815 1442 ensts
830 1375 941 1442 subito
956 1364 1079 1443 e'meri
1098 1377 1241 1444 Deloset
1253 1373 1368 1441 0111111-

240 1515 285 1559 no
303 1491 437 1579 quaevis
457 1512 509 1556 res
525 1489 613 1556 mire
632 1500 732 1577 etque
750 1487 930 1555 horrenda.
960 1538 965 1544 .

270 1740 316 1784 .v.
337 1718 402 1785 116
417 1737 502 1802 seqq.
524 1716 610 1780 Ante
627 1715 706 1780 11100
723 1713 836 1781 Noctis
849 1712 1024 1779 domicilia
1038 1699 1366 1801 (πείρασινὲνγαὶης,

238 1820 366 1917 πρόπαρ
387 1813 578 1914 Ἑσπερίδων
600 1813 793 1915 immissu
817 1849 851 1893 v.
876 1828 951 1893 518.
982 1811 1265 1914 1110101οχ0τὶ1
1287 1817 1365 1913 πρὸς

238 1931 352 2012 νυκτὸς
374 1963 406 2007 v.
420 1936 511 2033 2753)
531 1938 651 2003 coelum
671 1945 774 2026 capite
792 1949 825 2001 et
848 1936 991 2002 manibus
1001 1945 1136 2001 sustinet
1143 1935 1247 2024 lapets'
1255 1937 1362 2024 filius,

238 2057 346 2133 Atlas,
376 2075 477 2141 quem
502 2052 611 2140 poite'
628 2050 724 2138 quasi
752 2048 871 2116 testem
899 2047 981 2117 fecit
1009 2048 1253 2117 alternantium
1276 2050 1364 2116 vines

237 2167 349 2236 Noctis
373 2177 407 2233 et
424 2164 511 2232 Diei.
549 2162 685 2233 Scilicet
701 2164 765 2230 1110
783 2162 918 2229 sedibus
936 2161 1004 2229 suis
1027 2162 1119 2240 exit,
1145 2173 1272 2243 temam
1290 2163 1362 2229 obi·

236 2293 331 2360 turs,
355 2302 421 2367 quo
444 2289 596 2366 tempore
624 2275 705 2369 haec
733 2276 826 2343 sedes
844 2274 923 2341 illas
942 2276 1111 2340 intratura
1131 2284 1198 2352 est,
1220 2276 1292 2341 sole
1308 2297 1363 2340 00-

236 2393 367 2461 sidente
384 2403 489 2457 terras
507 2390 712 2477 relinquens.
759 2388 874 2475 ltaque
891 2409 926 2452 se
946 2399 1068 2454 mutuo
1089 2389 1294 2477 compellare
1312 2412 1361 2454 so·

238 2507 321 2590 lent,
336 2494 528 2593 προσέειπον
551 2501 596 2590 (v.
620 2499 724 2587 719.),
745 2522 840 2567 more
858 2499 1014 2566 excubias
1030 2501 1221 2590 agentium,
1245 2500 1361 2568 obuiae

236 2617 300 2683 sibi
319 2615 424 2685 feutee
448 2616 485 2681 in
506 2615 578 2703 ipso
598 2614 720 2680 limine
734 2614 847 2680 Noctis
863 2613 1009 2679 aedium.
1036 2612 1135 2681 conf.
1157 2612 1220 2681 Od.
1241 2615 1284 2681 K.
1305 2617 1359 2682 82.

237 2715 358 2801 otiis·
372 2728 434 2795 ille
463 2715 616 2817 χάλκεος
647 2724 693 2814 (v.
720 2723 812 2812 750.)
837 2747 948 2793 aereae
966 2727 1155 2806 firmitatis,
1182 2738 1222 2792 ut
1246 2730 1361 2794 omnia

237 2842 311 2908 uus
342 2843 388 2927 (v.
421 2836 622 2926 731810).
661 2821 754 2905 ”scu
769 2825 1002 2924 καταβαίνειν
1023 2839 1100 2906 uus
1116 2841 1254 2920 suitur,
1271 2842 1361 2929 quos

235 2965 315 3020 sunt
343 2952 455 3021 Noctis
486 2952 578 3018 sedes
605 2950 668 3016 sub
697 2962 797 3017 terra.
844 2949 967 3039 Omnis
989 2963 1102 3019 sutem
1127 2953 1183 3018 hic
1207 2953 1299 3019 diem
1319 2955 1360 3020 sd

235 3088 387 3134 occasum
417 3076 452 3131 et
486 3063 714 3154 vespertinum
742 3075 876 3153 tempus
904 3064 1085 3154 pertinent.
1130 3064 1242 3152 Neque
1267 3067 1360 3132 enim

236 3179 415 3247 oensendus
436 3189 484 3244 est
505 3179 603 3266 poits
625 3178 794 3256 statuisse,
817 3177 937 3243 iisdem
956 3162 1086 3245 foiibus
1104 3188 1241 3243 rursum
1264 3179 1361 3245 exire

237 3313 336 3358 mene
352 3291 462 3368 Diem,
486 3289 801 3365 ssd'existimsndus
819 3290 943 3378 potius,
965 3292 1033 3357 lete
1052 3290 1223 3357 subterra
1243 3292 1360 3380 puten-

236 3404 326 3470 tium
352 3401 464 3469 Noctis
483 3400 625 3469 ‘sedium
650 3401 754 3469 etiem
778 3402 820 3467 ad
850 3412 966 3469 ortum
980 3400 1082 3471 ,fores
1106 3404 1279 3493 cogitasse,
1300 3427 1360 3494 per

235 3539 316 3604 quas
341 3535 441 3581 mene
461 3513 538 3579 Nox
560 3513 717 3594 intrarit,
740 3516 804 3582 Die
824 3539 939 3583 rursus
961 3530 1120 3599 exeunte,
1143 3519 1297 3607 quamvis
1319 3520 1360 3585 de

235 3648 274 3693 eo
304 3623 398 3693 nihil
423 3622 530 3702 dicat,
561 3623 639 3691 sutis
661 3624 786 3717 hebens
807 3626 944 3707 dixisse,
968 3651 1154 3718 numquam
1171 3631 1289 3709 'ambas
1314 3631 1358 3697 si·

236 3739 311 3807 mul
340 3737 378 3805 in
405 3757 443 3803 es
470 3736 571 3801 domu
593 3738 736 3818 versari,
764 3739 819 3805 sed
840 3741 940 3806 certis
959 3764 1090 3830 semper
1111 3743 1249 3810 vicibus.
1263 3744 1355 3823 fieri,

236 3867 275 3920 111
302 3854 407 3920 slusa
432 3849 525 3919 intus
545 3851 590 3916 sit
609 3851 816 3932 insedibus,
836 3854 942 3923 alters
963 3878 1063 3944 super
1086 3868 1229 3937 terrem,
1252 3858 1301 3924 its
1318 3869 1357 3923 ut

203 4002 205 4006 ·
235 3989 335 4035 suum
356 3977 496 4054 utraque
517 3979 627 4035 servet
646 3976 780 4057 tempus
804 3967 1085 4060 (v.751-754.).
1118 3972 1357 4039 Describuntur

235 4103 336 4171 pomo
364 4081 441 4148 Dies
467 4093 502 4147 et
528 4082 624 4161 Nox,
657 4080 842 4151 adimentes
868 4108 969 4173 super
992 4098 1115 4152 terram
1141 4086 1354 4165 hominibus,

235 4194 312 4265 Dies
338 4194 477 4283 quidem
509 4182 601 4280 <tatu
630 4181 847 4283 πολυδερκὲς,
878 4197 1033 4264 menibus
1063 4212 1177 4266 tenens
1198 4211 1353 4287 tauquam

235 4304 341 4378 facem
373 4306 485 4397 (Conf.
519 4308 584 4376 Od.
617 4308 655 4375 Δ.
690 4308 801 4398 31101,
834 4309 909 4379 Nox
935 4324 1045 4378 sutem
1070 4311 1234 4380 Somnum
1265 4301 1354 4396 {sessi
