2967 5209
476 526 656 575 inuestem
682 510 898 575 moenum.
1177 496 1251 574 236

122 699 276 788 primum
297 719 334 763 ee
351 698 491 763 nomine
509 698 655 764 finxisse.
698 697 856 766 Ceterum
875 694 1004 765 fectum
1021 718 1088 763 esse
1107 719 1177 763 non
1193 721 1251 763 ne·

120 833 213 900 gem,
241 821 282 874 ut
302 809 396 876 veris
415 810 516 876 unius
536 812 622 877 Deae
645 809 795 877 murinae
812 808 971 898 epitheto,
998 808 1101 875 variis
1118 810 1151 875 ei
1171 810 1253 876 loeis

120 922 262 1001 tribute,
284 919 445 1010 opinione
467 922 522 988 vel
541 921 679 990 fictione
699 925 877 1010 poetarum
894 920 1048 1012 deinoepe
1061 921 1099 988 in
1109 923 1252 989 totidem

122 1035 270 1101 abierint
290 1056 459 1123 personas.

167 1280 225 1327 tt.
244 1256 437 1325 neo-270.
462 1255 617 1347 Congrue
639 1260 736 1347 poete
757 1281 814 1326 seu
830 1257 981 1347 primus,
1000 1281 1057 1325 seu
1075 1261 1253 1348 poetelius

120 1373 223 1440 Ponti
244 1372 317 1437 filio
338 1370 545 1439 Thaumanti
566 1369 711 1460 (Mirtno)
736 1394 877 1438 uxorem
895 1373 988 1437 dedit
1008 1372 1132 1441 Oceani
1142 1373 1252 1439 filiam

122 1484 228 1576 (infra
245 1507 277 1550 v.
299 1481 391 1571 349.)
411 1472 606 1573 Ἠλέκτρην,
637 1508 655 1550 a
683 1486 862 1574 splendore
880 1488 927 1550 sic
951 1486 1093 1564 dictem,
1108 1495 1149 1551 ut
1178 1474 1252 1566 ἠλέ-

120 1608 227 1685 κτωρ,
249 1585 412 1684 ἤλεκτρον.
440 1599 494 1665 Ex
527 1597 582 1662 his
611 1598 743 1686 nuptiis
775 1610 873 1664 natae
911 1599 975 1663 Iris
1003 1611 1037 1664 et
1072 1598 1250 1686 Harpyiae.

112 1697 193 1798 Ἶριν
213 1713 282 1777 iam
304 1713 392 1801 apud
415 1713 601 1778 Homerum
623 1713 664 1778 Il.
692 1714 727 1778 P.
750 1714 832 1778 647.
853 1712 1044 1800 adpellitur
1062 1735 1157 1778 arens
1176 1736 1253 1778 coe-

119 1824 229 1889 lestis:
254 1823 370 1891 Cicero
387 1837 498 1891 autem
516 1827 557 1891 de
579 1825 619 1893 N.
643 1825 684 1891 D.
710 1820 770 1894 III.
793 1828 848 1892 20.
872 1829 996 1907 Arcus,
1018 1827 1148 1913 inquit,
1177 1834 1253 1915 quta

118 1945 257 2023 speeiem
285 1937 382 2005 tabet
405 1939 644 2021 admiralium,
678 1939 875 2003 Thaumante
904 1938 1021 2002 uiuitur
1046 1950 1114 2003 esse
1143 1951 1249 2002 nutus.

121 2049 190 2121 Cui
209 2051 397 2139 praeiverat
417 2052 511 2121 Pluto
531 2052 568 2118 in
588 2051 724 2118 Thenet.
752 2074 786 2140 p.
808 2053 890 2117 155.
921 2052 963 2117 D.
991 2051 1069 2129 ubi,
1086 2051 1253 2119 ‘Hesiodea

119 2162 204 2227 haec
233 2163 429 2251 respiciens,
464 2156 522 2229 sul
546 2154 644 2229 ’ἔοικεν
670 2155 686 2229 o‘
710 2154 767 2245 rip
790 2148 864 2251 ’Ἶριν
894 2159 1094 2248 Θαύμαντος
1120 2152 1255 2251 ἔκγονον

120 2262 236 2360 <litim
264 2267 301 2337 οὗ
328 2266 438 2348 κακῶν
467 2269 688 2365 γενεαλογεῖν.
736 2272 835 2342 Conf.
867 2276 1003 2343 Proelus
1032 2275 1071 2341 in
1090 2273 1199 2343 Alcib.
1224 2274 1259 2340 Ι.-

120 2391 163 2456 Τ.
187 2390 230 2457 11.
254 2412 289 2478 p.
303 2392 392 2459 lte.
415 2391 465 2459 ed.
490 2390 588 2458 Cous.
635 2388 697 2456 Sed
722 2389 945 2478 probabiliter
967 2389 1068 2455 etiam
1096 2389 1136 2455 ed
1154 2389 1254 2455 Ponti
1397 2440 1400 2451 .

119 2499 292 2593 familiam
314 2525 408 2571 orcus
429 2500 587 2580 refertur,
610 2501 671 2589 qui
693 2502 734 2567 ad
756 2502 898 2590 speeiem
921 2502 1017 2568 velut
1031 2511 1188 2591 exsurget
1208 2523 1252 2567 ex

119 2635 280 2700 aequore,
303 2636 347 2683 ex
368 2636 435 2700 quo
453 2614 557 2680 illum
576 2600 679 2678 etiem
700 2634 799 2699 equos
820 2611 961 2679 haurire
978 2610 1112 2677 Veteres
1132 2611 1253 2679 erede-

120 2727 214 2792 bant.
237 2725 317 2795 Vid.
347 2727 499 2793 Luoenus
524 2726 582 2793 IV.
602 2727 656 2792 81.
695 2726 865 2804 Attamen,
888 2736 929 2789 ut
946 2724 1035 2812 apud
1054 2723 1251 2801 Homerum,

119 2838 169 2902 sic
188 2836 292 2902 etiam
317 2837 407 2925 opud
427 2836 609 2905 Hesiodum
635 2837 699 2901 Iris
718 2848 753 2902 et
769 2838 856 2903 Dese
875 2860 1051 2925 personum
1074 2837 1193 2917 habet,
1218 2851 1253 2905 et

119 2949 296 3015 inducitur
322 2960 363 3015 ut
385 2949 533 3019 Deorum
561 2947 684 3017 nuntie
706 2948 792 3035 (vid.
822 2947 914 3016 iufra
942 2951 1017 3014 781.
1045 2948 1155 3037 784),
1181 2973 1254 3036 ¹quo

119 3063 269 3151 pertinet
299 3061 475 3150 epitheton
497 3051 607 3125 ὠκεῖαν.
654 3059 815 3127 Creditur
836 3084 966 3149 quoque
988 3064 1077 3128 diets
1094 3046 1169 3149 *ipo
1190 3084 1253 3150 pro

119 3160 223 3264 nipe,
245 3176 287 3241 ab
316 3162 405 3262 epo,
426 3164 513 3262 νὶρέω
534 3173 622 3254 duo,
647 3181 770 3241 mutio.
813 3162 976 3260 ‘limetur
997 3176 1135 3263 proprie
1149 3176 1254 3241 dietas

119 3290 224 3357 fuisse
250 3290 451 3379 abripientes
475 3288 592 3357 omniu
623 3288 803 3376 procellos,
836 3288 917 3376 ipsis
946 3288 1089 3355 indicari
1102 3346 1105 3353 .
1119 3289 1254 3357 videtur

120 3424 240 3471 earum
259 3403 454 3471 nominibus
468 3425 501 3470 v.
520 3403 596 3469 267.
643 3400 802 3468 Attamen
818 3389 983 3489 ‘leprosus
1004 3414 1134 3468 vocatas
1152 3400 1254 3469 fuisse

119 3529 239 3606 putem
262 3516 354 3583 houd
372 3538 503 3594 omnes,
527 3516 585 3593 sed,
596 3526 701 3581 certes
715 3514 873 3601 quasdam
888 3514 926 3579 in
936 3515 1035 3594 meri,
1056 3514 1252 3603 praesertim

119 3630 276 3710 Euxino,
296 3629 475 3717 procellos,
500 3628 587 3700 unde
604 3629 698 3693 locus
715 3649 846 3713 quoque
861 3627 903 3692 iis
916 3628 1013 3693 datus
1032 3628 1253 3715 inArgounu·

121 3743 198 3808 ticin
219 3755 295 3811 tum
319 3741 361 3811 ub
376 3742 469 3819 eliis,
487 3753 563 3807 tum
581 3740 622 3807 ab
639 3741 792 3807 Hesiodo.
810 3742 1012 3808 Vid..Schol.
1032 3743 1073 3807 ad
1090 3742 1251 3828 Apollon.
1345 3762 1347 3767 ·

120 3856 233 3925 Rhod.
254 3856 300 3923 ΙΙ.
318 3856 396 3923 276.
411 3855 476 3923 296
492 3875 556 3939 seq.
581 3853 676 3932 Illos,
700 3863 740 3919 ut
759 3854 842 3919 Deus
856 3852 921 3917 sibi
936 3852 1136 3936 informans,
1154 3854 1253 3939 potu

120 3958 282 4051 ἦϋκόμνυς
309 3966 411 4035 dixit.
465 3965 639 4031 Diuersum
661 3964 821 4052 Harpyiis
839 3964 1021 4051 originem,
1050 3987 1112 4029 nec
1137 3976 1251 4031 tamen

120 4082 338 4160 dissimilem,
374 4082 477 4149 aliem
500 4078 559 4144 alii
582 4077 795 4156 tribuerunt,
820 4077 907 4142 filius
935 4076 1073 4163 quidem
1096 4076 1195 4171 Ponti
1219 4087 1255 4141 et
1373 4098 1378 4112 ·

123 4197 262 4275 Terrae,
288 4194 425 4283 quidem
445 4191 612 4281 Neptuni,
634 4193 771 4281 quidum
791 4190 969 4279 Typhonis
987 4190 1130 4279 opinati.
1171 4180 1280 4259 vids

122 4310 199 4375 Vel.
223 4311 329 4376 Fleuo.
355 4308 412 4376 IV.
431 4309 506 4375 428.
532 4305 625 4374 Serv.
647 4306 687 4371 ed
703 4305 786 4373 Aen.
809 4306 868 4371 ΙΙΙ.
887 4304 963 4370 241.
989 4304 1085 4371 Dicta
1125 4294 1252 4372 Ἀελλὼ
