2967 5209
239 427 310 503 184
671 380 912 527 consumimus

236 645 413 713 personam
433 623 498 688 sibi
517 621 765 689 informaverit.
801 622 848 688 Ao
867 622 970 687 talem
984 619 1063 684 adeo
1081 618 1144 683 sibi
1162 614 1364 683 informasse

236 737 394 803 dicendus
415 745 474 804 est.
517 735 681 820 Namque,
707 746 747 798 ut
769 756 812 799 ex
837 731 947 808 Chao,
977 730 1141 794 immenso
1167 727 1230 793 illo
1251 748 1288 790 ac
1306 735 1364 789 te-

234 849 405 916 nebricoso
433 849 557 938 spatio,
585 870 667 913 mox
686 840 920 912 memorantur
940 843 1013 908 nati
1031 839 1149 918 liberi,
1172 838 1298 906 Erebus
1324 847 1366 900 et
1451 852 1452 901 l

209 1012 213 1023 ,
235 962 328 1041 Nox,
351 961 398 1027 ita
417 971 515 1027 natus
539 961 678 1049 Tartaro
698 959 878 1048 Typhoeus
898 966 1105 1021 memoratur
1125 951 1218 1018 infra
1236 973 1268 1017 v.
1292 951 1361 1017 821

178 1080 182 1085 ’
235 1100 322 1164 seqq.
358 1077 395 1141 in
419 1075 540 1162 quibus
563 1075 705 1139 firmum
729 1073 811 1138 huic
837 1071 947 1138 versui
976 1067 1181 1158 praesidium
1200 1063 1364 1153 reperias.

235 1189 359 1255 Debuit
379 1188 470 1253 enirn
492 1189 568 1254 ante
581 1188 659 1252 illos
673 1185 802 1251 mentio
819 1183 906 1250 facta
927 1205 991 1247 esse
1012 1180 1085 1245 nati
1104 1178 1257 1256 Tartari,
1274 1198 1364 1263 quae

235 1302 313 1367 satis
339 1299 597 1367 manifestabis
623 1310 778 1388 apparet,
811 1298 839 1363 si
860 1283 1021 1381 Τάρταρα
1043 1295 1131 1359 inter
1155 1291 1221 1356 tria
1241 1311 1361 1354 rerum
1452 1360 1453 1363 Ἴ

235 1413 405 1504 principia
423 1414 507 1501 poni
522 1414 563 1479 ab
583 1412 724 1477 Hesiodo
741 1422 873 1476 statuas.
919 1408 1033 1473 Minus
1051 1417 1163 1471 autem
1182 1401 1361 1468 manifesta

236 1538 299 1604 est,
331 1527 359 1591 si
388 1514 550 1612 Τάρταρα
570 1525 713 1613 pendere
731 1545 859 1588 censeas
882 1522 923 1587 ab
945 1510 1084 1610 ἔχουσι,
1110 1529 1149 1581 ut
1172 1517 1280 1583 videri
1297 1538 1360 1603 po-
1452 1570 1453 1589 2

235 1650 299 1703 test
315 1638 475 1703 censuisse
496 1638 589 1701 Plato
609 1637 633 1702 l.
655 1659 683 1701 c.
732 1634 820 1702 Cum
844 1633 907 1698 hoo
926 1634 992 1698 duo
1012 1642 1146 1697 tantum
1171 1641 1246 1719 post
1269 1615 1360 1698 Χάος

234 1771 350 1812 rerum
371 1747 541 1836 principia
562 1758 743 1834 agnoscunt
763 1745 901 1812 Aristot.
924 1747 965 1811 de
990 1744 1197 1833 Xenophane
1218 1744 1253 1808 d.
1278 1745 1303 1810 l.
1323 1754 1360 1808 et

235 1860 423 1947 Metaphys.
450 1860 476 1926 I.
504 1862 534 1925 4.
561 1861 647 1925 Zeno
668 1858 798 1925 Stoicus
820 1860 908 1946 apud
929 1858 1042 1925 Schol.
1064 1858 1222 1946 Apollon.
1244 1858 1356 1923 Rhod.
1453 1900 1454 1951 3

236 1974 262 2040 1.
279 1975 354 2041 tes.
369 1972 460 2039 sext.
484 1974 616 2061 Empta.
631 1974 704 2038 adv.
721 1955 822 2060 ruys.
841 1973 865 2038 1.
886 1996 914 2038 ο.
934 1972 1143 2039 riantur.
1156 1972 1214 2039 lv.
1231 1994 1265 2058 p.
1281 1972 1358 2036 tos.

217 2060 223 2073 .
280 2089 310 2151 A
332 2073 439 2172 adpo,
461 2087 550 2151 unde
574 2074 701 2172 τάρβος
723 2097 756 2151 et
778 2072 948 2173 rapuisse,
965 2085 1053 2149 dicta
1069 2084 1169 2149 etiam
1185 2071 1361 2171 Τάρταρα,

235 2199 325 2264 nihil
345 2199 461 2285 utique
483 2210 549 2278 est,
571 2221 632 2267 cur
655 2198 857 2264 dubitemus.
890 2197 1062 2284 Designari
1085 2207 1195 2262 autem
1217 2197 1282 2261 hoo
1298 2218 1359 2262 no·

235 2312 329 2377 mine
357 2325 468 2400 partes
501 2324 625 2391 terrae,
657 2335 741 2398 quae
770 2312 878 2377 latent
910 2311 948 2376 in
977 2308 1137 2376 interiore
1167 2310 1236 2375 eius
1262 2322 1359 2400 parte
1454 2344 1455 2347 ¹

235 2447 347 2490 causae
368 2437 542 2503 motuum,
570 2448 639 2488 non
660 2436 731 2488 tam
752 2425 968 2512 exploratum
988 2433 1046 2501 est,
1067 2445 1104 2486 ac
1117 2423 1227 2489 visum
1242 2422 1358 2490 Goett·
1454 2406 1455 2411 ἵ

235 2537 353 2625 lingio.
399 2538 522 2603 Favere
536 2515 651 2602 ¹videri
669 2547 792 2623 potest,
814 2537 906 2621 quod
928 2546 979 2601 ex'
997 2535 1136 2600 Tartaro
1156 2526 1253 2600 natus
1276 2536 1359 2602 dioi-

148 2635 153 2643 ·
235 2661 294 2712 tur
314 2648 504 2737 Typhoeus.
536 2647 598 2714 Sed
612 2661 751 2737 possunt
773 2671 816 2714 ex
831 2649 965 2714 Tartari
986 2659 1107 2713 natura
1125 2649 1210 2714 aliae
1229 2672 1359 2737 quoque

235 2763 384 2827 nominis
405 2784 518 2827 causae
539 2762 733 2850 excogitari.
1455 2842 1456 2855 χ

280 2875 511 2964 Nequaquam,
532 2886 572 2938 ut
591 2886 679 2940 recte
699 2875 814 2940 docuit
833 2875 1045 2940 Muetzellius
1065 2899 1100 2964 p.
1127 2877 1201 2954 400,
1223 2876 1264 2941 ad
1286 2900 1358 2942 sen-

236 3012 310 3054 sum
328 2989 468 3077 perinde
490 3000 554 3066 est,
583 2999 701 3052 utrum
723 3011 802 3053 oum
826 2987 976 3055 Cornuto
1004 3001 1038 3054 et
1065 2990 1140 3054 aliis
1161 2980 1277 3077 hoff
1295 2976 1357 3079 χθ.

237 3094 298 3189 εὑρ.
331 3090 389 3183 aii,
425 3113 463 3166 ut
486 3102 588 3189 vulgo
618 3102 761 3188 legitur,
793 3090 900 3192 μυχῷ
932 3102 973 3168 ab
1003 3102 1143 3168 Hesiodo
1166 3100 1358 3191 profectum

236 3237 435 3280 eenseamus.
482 3215 634 3294 Etenim,
665 3206 781 3304 μυχὸν
802 3214 831 3278 si
856 3216 1020 3303 legamus,
1046 3215 1206 3279 Tartarus
1227 3215 1269 3279 ad
1287 3225 1359 3280 ter·

235 3349 309 3391 ram
329 3327 435 3414 ipsam
456 3327 625 3415 pertinere
650 3327 782 3414 eiusque
803 3339 934 3414 partem
958 3327 1105 3414 aliquam
1118 3328 1286 3415 complere
1307 3327 1357 3391 di·

236 3437 335 3516 eitur,
357 3460 421 3524 qua
436 3437 567 3505 ratione
581 3427 743 3527 Τάρταρα
759 3431 856 3527 γαίης
877 3440 1037 3505 dicuntur
1047 3439 1187 3505 Hesiodo
1201 3440 1266 3506 Th.
1280 3441 1356 3507 841.

236 3562 272 3615 at
289 3551 472 3616 secundum
486 3553 657 3640 vulgatam
670 3552 863 3632 lectionem,
882 3574 1084 3638 quamquam
1098 3553 1199 3618 Terra
1211 3553 1358 3618 inclusus

236 3687 302 3730 esse
323 3664 480 3729 Tartarus
499 3664 658 3755 fingitur,
684 3677 797 3731 tamen
822 3665 978 3730 distinete
996 3665 1037 3731 ab
1055 3687 1092 3731 ea
1112 3666 1303 3753 disparatur
1326 3675 1358 3730 et

235 3789 347 3842 totum
368 3777 503 3863 aliquod
524 3799 585 3865 per
609 3801 642 3842 se
665 3777 775 3843 efficit.
822 3775 961 3845 Certum
983 3790 1050 3857 est,
1076 3778 1146 3844 visa
1161 3778 1302 3843 Hesiodo
1312 3762 1357 3843 'si-

236 3891 311 3955 mul
343 3900 421 3955 nata
454 3912 520 3955 esse
543 3891 683 3955 Terram
714 3902 749 3956 et
776 3891 929 3970 Tartara3
964 3914 1034 3956 non
1065 3866 1167 3956 fuisse
1193 3891 1293 3970 haec,
1319 3901 1357 3954 ut

237 4005 370 4093 Guyeto
396 4006 523 4084 risum,
550 4017 680 4095 partem
703 4004 789 4072 Chai
810 4004 871 4069 sub
896 4016 1006 4082 terra,
1036 4005 1107 4084 sed,
1130 4006 1218 4092 quod
1242 4008 1357 4094 poetae

236 4119 334 4186 verba
356 4119 523 4197 indicant,
552 4119 793 4185 tenebricosum
818 4119 923 4207 ipsius
944 4132 1051 4185 terrae
1072 4142 1244 4185 recessum.
