2967 5209
397 500 400 506 “
488 515 519 559 us
545 514 670 562 usnosu
693 514 911 563 rmooosnu.
994 580 998 596 .
1186 487 1259 562 363

130 683 236 774 otu),
261 706 386 773 porro,
406 685 495 773 quod
514 698 554 750 ut
576 687 653 751 telis
672 685 845 775 Apollinis
863 685 1029 763 marium,
1055 685 1104 750 ita
1128 686 1259 773 sagittis

130 784 325 886 Ἀρτέμιδος
352 798 539 863 mulierum
569 809 693 864 mortes
720 798 849 865 subitae
883 795 1140 885 imputabantur
1163 798 1258 888 (vid.

131 913 171 980 11.
195 911 235 978 Τ.
262 915 317 976 59.
349 912 393 976 Ω.
426 912 503 978 606.
537 910 602 978 011.
630 911 672 977 Λ.
698 915 758 977 171
782 934 848 998 seq.
867 910 908 978 Ο.
938 913 1012 977 409.
1039 907 1142 996 477),
1164 921 1199 974 et
1220 910 1259 974 in

128 1026 252 1113 primis
271 1024 538 1112 parturientibus
559 1026 738 1092 metuenda
757 1027 928 1121 haeanea
947 1022 1143 1090 credebatur
1165 1022 1257 1113 (vid.

128 1136 266 1205 callim.
290 1136 331 1202 Η.
353 1136 393 1201 111
413 1137 512 1203 Dian.
536 1161 569 1204 v.
594 1138 658 1201 126
679 1135 777 1226 seq.);
801 1138 945 1225 denique
964 1137 1064 1225 quod,
1082 1148 1123 1201 ut
1134 1136 1259 1224 Apollo

127 1239 299 1336 κουρίζων,
319 1249 367 1312 sic
388 1236 612 1336 παιδοτρόφον
633 1263 667 1316 et
689 1240 907 1339 κουροτρόφος
925 1250 1014 1315 diota
1033 1230 1259 1334 est'lepnnu.

129 1360 221 1451 (Vid.
238 1361 336 1428 Diod.
350 1359 416 1427 Sic.
439 1361 481 1429 V.
503 1366 557 1428 73.
579 1364 716 1429 Pausan.
740 1363 799 1432 IV.
822 1359 904 1450 34).
927 1360 990 1428 Sed
1004 1359 1159 1449 quamvis
1177 1358 1259 1424 haec

92 1460 96 1469 ‘
126 1473 266 1562 vestigia
294 1484 490 1540 censeantur
521 1487 652 1540 exstare
687 1475 937 1562 antiquissimae
967 1473 1160 1562 religionis,
1193 1469 1259 1557 qui

126 1587 213 1652 culti
240 1586 358 1675 priscis
383 1585 580 1652 Hellenibus
600 1585 658 1653 Sol
679 1598 714 1653 et
733 1587 829 1683 Luna
858 1586 920 1652 sub
939 1585 1109 1675 Apollinis
1127 1597 1162 1650 et
1183 1577 1259 1671 Ἀρ*
1290 1676 1291 1679 ¹

126 1685 259 1783 τέμιδος
281 1697 494 1777 nominibus,
516 1710 650 1764 certum
672 1711 731 1778 est,
746 1698 817 1765 iam
837 1698 972 1764 Hesiodi
994 1708 1027 1764 et
1046 1697 1184 1763 Homeri
1202 1719 1259 1761 ae·

125 1821 194 1877 tate
217 1810 418 1899 religionem
433 1811 525 1877 ‘hanc
549 1833 601 1876 eas
620 1811 708 1899 apud
732 1810 873 1876 Graecos
887 1810 1091 1876 mutationes
1109 1808 1256 1896 subiisse,

124 1934 165 1988 ut
186 1925 318 1991 diversa
334 1923 479 1988 numina
496 1924 694 1989 viderentur
713 1922 770 1988 Sol
791 1934 825 1988 et
849 1924 963 1999 Luna,
979 1922 1105 2009 Apollo
1128 1933 1162 1987 et
1176 1904 1260 2008 ''Ap-

124 2032 237 2122 τεμιι,
259 2035 346 2100 sicut
367 2047 455 2102 certe
474 2035 606 2113 diverse
627 2037 688 2101 illa
717 2036 883 2100 Homerus
902 2046 1002 2120 atque
1021 2033 1180 2098 Hesiodus
1197 2033 1259 2097 ha-

125 2148 283 2215 buerunt.
315 2148 394 2216 Vid.
428 2147 492 2215 Od.
516 2148 560 2216 Θ.
584 2152 660 2215 271.
689 2150 765 2214 323.
787 2171 888 2236 supra
907 2171 940 2213 v.
965 2149 1042 2213 371.
1062 2144 1155 2211 infra
1179 2149 1256 2213 956.

125 2263 171 2329 Et
189 2282 268 2327 vero
291 2260 466 2340 Hesiodus,
488 2263 548 2350 qui
572 2264 716 2339 Latonae
737 2262 861 2354 liberos
882 2250 1050 2349 ἱμερόεντα
1072 2248 1166 2348 γόνον
1183 2252 1259 2345 περὶ

57 2372 61 2377 ’
124 2362 258 2439 rasso
283 2361 483 2461 Οὐρανιώνων
515 2387 609 2441 vocet
642 2375 687 2464 (v.
714 2372 819 2463 919),
842 2386 931 2440 certe
955 2396 1025 2439 non
1046 2372 1258 2461 Apollinise

124 2487 263 2552 nomine
292 2484 490 2574 pestiferum
513 2487 578 2552 sibi
599 2509 747 2566 numen,
765 2490 820 2553 vel
843 2487 987 2552 Dianam
1008 2486 1049 2551 ad
1070 2485 1258 2550 mulierum

123 2594 310 2687 perniciem
333 2589 524 2688 ἶοχέιιιροιν,
545 2603 599 2668 1011
619 2602 732 2690 potius
754 2625 772 2667 e
792 2600 927 2689 vulgari
950 2600 1004 2664 sui
1022 2597 1184 2687 temporis
1204 2619 1258 2662 re-

123 2712 251 2800 ligione
264 2693 423 2797 ”Αρτεμιν
448 2706 636 2803 solapius,
659 2713 856 2801 Apollinem
878 2701 1052 2797 μοιντινὼν,
1075 2709 1255 2786 musicum,

124 2823 294 2889 modicum
318 2835 351 2888 et
370 2827 511 2890 omnino
535 2826 740 2904 beneficum,
766 2815 894 2913 χάρμα
910 2814 1077 2910 βρότοιοιν
1102 2823 1155 2911 (ut
1174 2823 1257 2886 dici-

124 2948 183 2999 tur
204 2935 245 3000 H.
269 2936 308 2999 in
330 2935 395 3023 Ap.
420 2934 488 3024 25.)
512 2937 711 3003 informasse
733 2936 916 3000 credendus
937 2946 996 2999 est.

168 3048 375 3114 Memoratur
396 3049 470 3115 lovi
493 3063 601 3137 nupta
620 3050 747 3115 Latona
770 3061 848 3113 ante
862 3047 1036 3123 lunonem,
1052 3067 1156 3132 quam
1169 3068 1256 3110 uxo·

124 3182 198 3226 rem
220 3148 439 3241 λοισθοτάτην
459 3162 563 3227 duxit
589 3162 718 3249 Iupiter
739 3162 837 3249 (mox
856 3184 889 3226 v.
911 3156 1015 3245 921).
1064 3159 1179 3246 ltaque
1201 3158 1257 3222 lu-

125 3274 224 3338 nonis
243 3275 332 3339 iram
353 3276 392 3341 in
404 3274 562 3364 pellicem
577 3276 787 3361 Latonaeque
808 3274 891 3338 hinc
912 3295 1041 3339 errores
1056 3295 1092 3337 ac
1105 3271 1257 3336 miserias

126 3389 296 3476 ignoravit
317 3390 487 3456 Hesiodus.

170 3501 296 3566 Locum
316 3503 408 3567 hunc
428 3502 618 3590 respiciens,
641 3499 776 3566 Servius
794 3501 836 3565 ad
861 3500 944 3566 Aen.
963 3500 1020 3567 IV.
1044 3502 1121 3564 511.
1139 3522 1253 3562 secun·

123 3613 197 3677 dum
218 3613 407 3690 Hesiodum,
432 3614 561 3700 inquit,
579 3613 696 3690 ¹Diona
720 3610 821 3699 (fibo)
847 3613 933 3676 lovis
955 3625 986 3675 et
1008 3612 1161 3677 Latonae.

167 3862 224 3905 vv.
249 3840 436 3906 921-923.
461 3841 515 3905 Ex
541 3840 630 3905 Iovis
650 3850 684 3902 et
708 3838 849 3902 lunonis
868 3835 1089 3901 matrimonio
1103 3835 1172 3901 orti
1186 3845 1255 3899 tra-

124 3953 253 4017 duntur
275 3951 375 4029 Hebe,
399 3952 499 4024 Mars,
524 3952 676 4017 Ilithuia.
710 3952 760 4015 De
783 3950 891 4014 Marte
910 3948 1077 4013 consentit
1090 3948 1255 4014 Homerus

126 4065 167 4129 ΙΙ.
190 4066 228 4130 Ε.
263 4067 328 4131 892
351 4088 458 4152 seqq.,
484 4066 544 4151 qui
566 4063 726 4129 similiter
754 4061 868 4127 Heben
889 4060 977 4126 Iovis
998 4071 1031 4125 et
1052 4060 1191 4125 lunonis
1214 4059 1255 4122 fi·
1285 4086 1290 4093 ¹

125 4178 210 4243 liam
229 4178 351 4257 tradit,
380 4177 408 4242 si
432 4178 533 4243 modo
559 4176 600 4243 ab
625 4177 698 4263 ipso
719 4172 890 4263 profectus
913 4172 957 4237 sit
981 4193 1094 4237 versus
1121 4171 1186 4239 Od.
1210 4175 1253 4238 A.

128 4291 203 4360 tot.
249 4290 413 4387 Memorat
438 4292 590 4370 eandem,
616 4290 671 4359 sed
685 4288 757 4354 sinc
773 4300 953 4377 parentum
968 4286 1140 4353 mentione
1155 4286 1195 4352 11.
1214 4286 1252 4351 Δ.
