2967 5209
278 470 351 543 256
717 496 956 545 constaremus

277 668 379 755 vulgo
404 658 540 756 Σφίγξ,
564 654 684 757 ime,
711 671 883 757 antiquius
909 640 1115 749 Φ1ξ,’<1ἴκος
1140 669 1289 747 dictum,
1311 669 1388 733 unde

278 771 382 843 Φίκιον
405 771 493 867 ὅρος,
516 783 606 868 quod
627 781 677 846 ibi
696 783 895 848 consederat.
927 781 1005 848 Vid.
1030 779 1188 869 Apollod.
1217 779 1278 845 Ill.
1303 781 1339 847 V.
1361 783 1387 845 8.

278 891 463 959 Exitialem
493 892 645 960 Cadmeis
669 888 754 959 Φῖκοι
776 917 841 981 qua
863 894 993 959 ratione
1009 893 1137 957 dixerit
1159 892 1325 970 Hesiodus,
1343 891 1390 955 in·

277 1016 407 1070 certum
438 1017 495 1072 est.
541 1006 691 1093 Namque
711 1009 863 1095 aenigma
890 1019 922 1072 et
948 1007 1014 1071 huc
1040 1004 1246 1094 pertinentia
1267 1015 1390 1092 possum

277 1131 466 1183 commenta
485 1142 550 1185 esse
567 1119 701 1186 serioris
719 1120 803 1198 aevi,
821 1119 907 1184 sicut
925 1119 1027 1185 etiam
1045 1117 1155 1185 forma
1172 1117 1329 1207 Sphingis
1344 1117 1390 1182 de·

275 1229 400 1318 scripta
432 1230 473 1295 ab
500 1231 705 1320 Apollodoro
735 1233 760 1298 l.
790 1256 819 1300 0.
873 1233 1001 1298 Nomen
1031 1233 1187 1319 quidem,
1216 1254 1235 1295 a
1266 1223 1389 1319 Φὶγγω,

277 1333 420 1431 σφίγγω
443 1343 649 1422 derivatum,
671 1345 835 1410 eiusmodi
855 1356 1047 1409 monstrum
1066 1344 1212 1422 indicat,
1231 1343 1317 1430 quod
1336 1343 1389 1407 ho·

277 1454 385 1520 mines
406 1456 644 1543 strangulando
657 1457 845 1522 conficeret.
893 1458 1023 1544 Itaque,
1044 1479 1081 1522 eo
1100 1455 1298 1544 respiciens,
1313 1453 1390 1518 haud

276 1552 389 1656 inepte
409 1567 450 1631 de
467 1569 610 1634 dracone
632 1569 771 1657 cogites,
791 1569 899 1656 qualis
919 1569 960 1634 ab
971 1557 1094 1636 Ovidio
1112 1570 1193 1635 Met.
1216 1568 1277 1633 111.
1297 1567 1390 1634 43111

279 1678 400 1746 Cadmi
423 1679 564 1744 historia
591 1679 810 1761 describitur,
832 1682 903 1747 eius
921 1683 1025 1748 socios
1047 1682 1155 1770 longis
1175 1703 1295 1746 necans
1315 1701 1390 1765 com·

253 1791 459 1879 plexibus.-
489 1791 649 1857 Attamen
680 1790 774 1858 fuere
803 1794 872 1858 iam
896 1794 937 1859 de
958 1794 1154 1872 Veteribus,
1183 1794 1242 1879 qui
1265 1794 1390 1857 mallent

277 1904 500 1970 adhumanas
524 1903 650 1971 referre
670 1905 817 1973 insidias.
842 1907 919 1974 Vid.
942 1907 1115 1972 Pausanias
1134 1907 1195 1972 IX.
1217 1908 1271 1976 26.
1295 1878 1389 1972 Palae·

277 2018 400 2106 phatus
418 2042 446 2084 c.
471 2023 504 2082 7.
553 2017 711 2107 Sphingis
730 2043 895 2107 nusquam
917 2019 1076 2085 meminit
1094 2020 1271 2086 Homerus.

321 2268 355 2310 v.
380 2246 442 2310 327
471 2268 556 2333 seqq.
589 2246 715 2311 Habuit
733 2248 919 2334 antiquitus
940 2247 1094 2326 Graecia,
1115 2260 1155 2313 ut
1174 2249 1326 2314 dracones
1343 2264 1388 2307 seu
1437 2246 1438 2285 l

277 2357 420 2422 maiores
438 2370 618 2446 serpentes,
640 2358 687 2422 ita
713 2360 823 2423 leones
843 2382 934 2437 suos,
955 2359 1016 2445 qui
1038 2359 1163 2423 Xerxis
1185 2353 1387 2445 temporead·

278 2471 344 2535 huc
358 2468 548 2558 frequentes
563 2484 659 2536 erant
673 2472 711 2536 in
723 2471 914 2537 Macedonia
926 2471 1144 2560 Thraciaque.
1152 2472 1234 2540 Vid.
1249 2467 1386 2536 Herodot.
1437 2484 1438 2541 ζ

277 2583 352 2649 VII.
376 2584 438 2648 125
467 2605 534 2670 seq.
556 2584 635 2649 coll.
659 2582 840 2649 Aristotele
857 2583 905 2648 H.⁴
918 2583 957 2650 A.
978 2585 1036 2652 VI.
1057 2588 1110 2649 31.
1134 2585 1229 2652 VIII.
1249 2585 1301 2648 28.
1319 2580 1387 2644 Pau·

277 2695 367 2760 senia
387 2695 447 2762 VI.
469 2701 500 2760 5.
549 2694 645 2761 Certe
666 2696 702 2759 iu
724 2695 867 2760 historia
888 2695 1094 2761 Graecorum
1112 2697 1266 2785 mythica
1292 2694 1386 2782 plura

265 2819 524 2887 memorantur,
550 2820 591 2872 ut
615 2807 806 2874 Parnassius
830 2806 911 2897 (vid.
938 2810 1074 2876 Pausan.
1097 2810 1124 2873 l.
1144 2807 1228 2897 27.),
1248 2819 1299 2884 ut,
1319 2805 1386 2868 item

277 2920 480 2987 abHercule
498 2919 710 2999 interfectus,
732 2920 969 2987 Cithaeronius
989 2923 1069 3010 (vid.
1092 2922 1251 3010 Apollod.
1274 2919 1316 2984 11.
1338 2913 1406 2980 11.·

197 3056 201 3065 ·
279 3036 333 3099 10.
352 3037 370 3121 §
391 3031 446 3118 5.).
494 3034 574 3099 Prae
591 3033 707 3098 ceteris
725 3045 839 3098 tamen
860 3034 973 3099 clarus
991 3034 1169 3099 Nemeaeus
1191 3033 1269 3098 fuit.
1312 3030 1384 3096 Eum

278 3146 362 3210 Iuno
390 3146 509 3211 aluisse
537 3146 663 3210 dicitur
693 3145 749 3210 1110
780 3144 826 3235 (v.
845 3142 950 3233 328.)‚
971 3159 1011 3210 ut
1037 3122 1138 3235 supra
1163 3146 1209 3235 (v.
1231 3145 1294 3211 314
1316 3132 1383 3224 seq)

277 3258 458 3322 Lernaeam
478 3257 642 3346 Hydram,
663 3257 790 3322 scilicet
813 3259 972 3323 suscitans
990 3257 1127 3323 Herculi
1149 3259 1309 3335 laborem;
1328 3249 1384 3316 col·

277 3369 397 3443 locasse
424 3382 536 3437 autem
561 3393 638 3436 eum
670 3369 716 3460 (v.
738 3368 830 3457 329.)
860 3371 897 3436 in
920 3369 1090 3436 fertilibus
1114 3371 1202 3459 iugis
1227 3348 1384 3459 (yovvoio't)

276 3481 431 3561 Naneae,
443 3483 632 3570 perniciem
652 3483 866 3562 hominibus,
885 3504 1031 3569 quorum
1050 3484 1111 3549 ille
1138 3479 1234 3569 otta
1253 3493 1382 3565 magnum

277 3617 449 3673 numerum,
468 3594 650 3683 perimeret
668 3593 715 3680 (v.
741 3592 845 3682 330.).
891 3593 1066 3682 Magnifice
1088 3590 1135 3686 (v.
1162 3592 1250 3682 331.)
1274 3589 1383 3655 dicitur

277 3699 440 3795 κοιρανέων
462 3700 599 3794 Τρητοῖο
620 3707 664 3773 Ν.
687 3693 737 3785 tid'
758 3694 839 3773 Ἀπ’.
863 3719 902 3772 ut
919 3719 1017 3772 tauro
1031 3732 1161 3796 regnum
1185 3711 1314 3773 nemoris
1330 3694 1380 3760 t'rl'·

278 3821 395 3886 buitur
415 3821 505 3909 apud
523 3821 712 3886 Phaedrum
733 3820 761 3884 I.
780 3820 890 3886 XXX.
909 3824 941 3887 8.
988 3822 1071 3886 Erat
1095 3843 1191 3886 mons
1209 3821 1321 3885 Tretus
1335 3809 1380 3873 in·

279 3945 329 3999 ter
346 3932 502 4020 Mycenas
523 3944 556 3999 et
574 3933 749 4011 Nemeam,
763 3956 833 3997 non
854 3932 952 4021 louge
966 3956 984 3997 a
999 3932 1148 4012 Cleonis,
1167 3930 1256 3999 infra
1271 3922 1379 3993 habens

277 4032 427 4136 1ιῶροχο
438 4033 573 4126 διηνεκῆ,
595 4046 664 4111 sive
686 4031 1103 4131 &postremissimus
1125 4047 1185 4112 ubi
1202 4034 1377 4130 degereLeo
1437 4026 1438 4087 ἰ

276 4160 406 4226 solitus.
434 4159 513 4228 Vid.
545 4159 702 4246 Apollod.
734 4155 779 4222 ΙΙ.
805 4157 849 4226 V.
872 4160 902 4222 1.
928 4158 1026 4225 Diod.
1058 4158 1123 4226 Sic.
1147 4160 1203 4227 IV.
1229 4157 1278 4220 11.
1303 4148 1376 4213 Pau·

277 4292 346 4334 san.
369 4272 413 4336 11.
437 4258 489 4337 15.
536 4270 588 4336 Ab
607 4271 670 4337 illo
693 4293 791 4359 specu
814 4271 935 4336 Nemea
954 4294 1051 4336 mons
1066 4296 1135 4338 uon
1150 4269 1276 4359 longius
1288 4272 1372 4349 quam
