2967 5209
158 468 169 537 Ϊ
238 473 311 549 264
679 496 920 559 conmissurus

281 688 313 732 v.
325 664 401 732 349.
427 652 531 745 Ἰάνθη
545 664 651 765 dicta,
673 676 713 728 ut
733 650 1039 744 ‘Pilutu,sstdotu,
1059 661 1148 748 quod
1158 659 1356 739 tenendum,

235 799 277 843 ne
302 775 377 864 quis
400 797 479 842 cum
499 774 537 842 Ι..
555 775 690 842 Βο01000
706 776 748 841 ab
771 767 856 841 laisa
876 773 1066 840 derivatum
1081 781 1187 860 putet,
1208 773 1263 837 vel
1277 794 1360 836 cum

236 886 262 953 1.
285 885 326 952 Η.
343 884 457 952 Vossio
476 885 516 951 ad
527 884 626 951 Hom.
647 884 688 953 Η.
707 885 746 952 in
764 884 839 954 Cer.
852 908 883 953 v.
898 885 975 953 418.
993 884 1178 972 repositum
1198 881 1254 948 liic
1273 884 1362 951 velit

236 990 292 1063 xa)
314 989 471 1082 Ἠλέκτρη
493 987 549 1061 καὶ
570 983 682 1075 Ἰάνθη.
728 997 856 1065 Habuit
873 984 924 1063 ’ίαν
946 996 1028 1060 viola
1048 995 1227 1083 digamma.
1256 993 1359 1063 Cous.

112 1208 119 1222 N
235 1107 326 1181 iufra
342 1131 376 1176 v·
392 1109 467 1175 844.
490 1107 657 1174 Muetzell.
687 1130 722 1196 p.
749 1107 825 1175 468.

279 1354 313 1398 v.
333 1332 409 1398 351.
432 1317 553 1396 ‘ritus
574 1328 741 1400 Oceanina
763 1333 878 1423 (etiam
896 1331 984 1420 apud
999 1330 1098 1398 Hom.
1116 1332 1142 1396 1.
1161 1352 1190 1396 0.
1213 1351 1244 1397 v.
1267 1327 1359 1418 419.)

237 1445 278 1510 ad
301 1443 461 1510 Rhodum
482 1444 630 1509 insulam
656 1442 830 1513 referenda
860 1445 931 1508 visa
959 1455 1008 1509 est
1040 1442 1257 1529 Gocttliugio.
1298 1440 1363 1506 Sed

237 1557 350 1644 potius
380 1555 468 1620 dicta
500 1555 654 1620 videatur
682 1553 724 1620 ab
754 1577 847 1621 roseo
877 1555 1005 1632 colore,
1037 1568 1077 1621 ut
1107 1541 1241 1631 Ροδόπη
1272 1553 1362 1642 apud

26 1648 28 1651 ⁵
115 1702 117 1707 ,
163 1739 165 1746 Ι
238 1665 463 1734 Homerund.
476 1667 501 1731 l.
511 1688 543 1731 v.
558 1666 645 1744 422,
668 1654 778 1732 ‘Pedias
799 1677 832 1732 et
856 1653 958 1747 ‘'Potn,
980 1666 1139 1732 Danaides
1141 1666 1249 1753 apud
1257 1664 1364 1753 Apol

239 1776 466 1845 10a....11is
568 1869 574 1875 ⁶

287 2025 320 2068 v.
341 2002 417 2068 852.
450 1992 558 2084 Ζευξὼ
584 2014 672 2069 certe
702 2026 771 2070 non
800 2013 908 2091 potest
923 2026 989 2071 esse
1006 2003 1120 2090 bifida,
1140 2005 1230 2091 quod
1249 2003 1362 2070 Goett‘·

242 2117 349 2205 lingio
370 2118 493 2183 visum.
531 2118 643 2183 Potius
665 2118 726 2198 sit,
754 2129 795 2183 ut
818 2119 1011 2185 Hermanno
1038 2119 1165 2207 placet,
1203 2143 1221 2182 e
1246 2118 1364 2211 mwbus

235 2228 384 2316 stantibus
402 2238 501 2296 unita.
536 2228 731 2317 Simplicius
751 2243 864 2297 tamen
881 2242 915 2296 et
933 2230 1100 2319 analogiae
1116 2229 1365 2296 convenientius

144 2425 147 2430 ν
245 2341 420 2421 existimo,
439 2352 479 2407 ut
498 2364 577 2406 cum
590 2343 705 2407 Pasore
721 2353 755 2406 et
772 2342 810 2407 L.
833 2343 967 2408 Barlaeo
986 2352 1175 2430 exponatur
1198 2343 1304 2408 activa
1321 2341 1362 2405 si·

247 2451 600 2538 gnificationeiugam,
627 2459 809 2539 coniugam,
826 2451 1209 2542 utindiceturNympha
1218 2453 1364 2520 eiusdem
1459 2518 1460 2521 ,

249 2560 319 2628 fere
335 2563 459 2629 indolis
478 2585 516 2628 ac
536 2550 650 2628 1100θῶ.

186 2750 192 2761 .
295 2807 327 2851 v.
356 2786 431 2852 856.
462 2772 599 2872 Περὰήΐς
619 2775 649 2848 τ’
672 2771 810 2871 Ἰάνειρά
829 2776 880 2875 τ’)
914 2789 982 2867 Est,
1018 2787 1224 2879 Gcettlingio
1241 2790 1363 2868 iudice,

250 2884 387 2984 Hamis
409 2899 450 2963 ad
474 2898 649 2977 Persidem,
674 2886 808 2985 Ἰάνειρα
828 2900 870 2964 ad
888 2900 1009 2966 Ionum
1029 2903 1210 2989 regionem,
1231 2913 1272 2966 ut
1300 2895 1367 2969 ‘Pt-

251 2993 322 3073 dtcoe
343 3011 384 3076 ad
402 3010 572 3090 Rhodum,
595 3000 694 3097 Δωρὶς
716 3011 758 3075 ad
774 3012 988 3078 Doriensium
1006 3026 1131 3078 terram
1145 3012 1367 3097 referendum.

149 3182 152 3191 ,
250 3120 443 3189 Hermanno
465 3124 503 3188 in
538 3121 633 3189 Cens.
661 3120 943 3210 Goettlingianae,
971 3126 1085 3192 omnia
1114 3124 1195 3190 haec
1221 3125 1367 3193 fontium

251 3253 317 3296 esse
331 3234 470 3299 nomina
483 3235 638 3314 censenti,
662 3224 801 3322 Περσήῗς
823 3247 871 3300 est
883 3260 1101 3324 perrumpens,
1122 3248 1161 3301 ut
1171 3237 1215 3302 sit
1232 3261 1251 3303 a
1272 3233 1368 3328 πέρω,

252 3333 374 3428 maipa„
400 3344 504 3409 Possit
525 3346 608 3411 item
625 3346 807 3411 secundum
823 3348 1063 3436 etymologiam
1082 3372 1101 3415 a
1123 3338 1227 3438 πέρθω
1248 3356 1366 3441 repeti,

253 3454 341 3540 quod
362 3455 400 3518 L.
422 3455 556 3521 Barlaeo
577 3458 717 3544 placuit.
752 3456 814 3524 Sed
837 3459 884 3524 sic
905 3482 1029 3525 nomen
1046 3462 1160 3529 minus
1178 3466 1369 3532 conveniret

160 3607 167 3622 .
253 3554 473 3657 κουροτρόφῳ.
504 3569 682 3656 Analogiae
699 3584 864 3660 repugnat
878 3570 1088 3654 Scholiastae,
1108 3564 1258 3663 auspic
1278 3599 1367 3665 repe·

255 3675 373 3776 tentis,
399 3678 498 3744 ratio
535 3678 626 3767 Quid
642 3681 733 3748 mihi
762 3684 931 3763 videatur,
957 3709 1058 3774 supra
1082 3688 1167 3755 dixi.
1189 3690 1367 3756 Perseidem

255 3787 443 3855 nonhabet
462 3791 674 3861 Homerusd
684 3796 709 3862 l
743 3765 889 3884 Ἰάνειρα,
911 3811 1094 3865 memorata
1118 3799 1194 3867 Η.
1183 3824 1222 3865 m
1242 3800 1315 3868 Cer.
1335 3825 1365 3869 v.

258 3903 345 3981 422,
370 3927 439 3970 non
457 3904 600 3972 dubium
612 3909 804 3977 Hermanno
819 3913 952 3978 videtur
952 3937 1057 4000 qum
1066 3915 1153 3981 dlcta
1162 3918 1207 3982 s1t
1221 3907 1286 3982 ab
1277 3907 1366 3980 saiva.

155 4100 167 4115 ,
255 4013 365 4101 Neque
374 4036 534 4104 repugno
554 4041 633 4085 eum
647 4020 806 4089 similiter
822 4024 891 4089 siut
911 4014 1050 4113 Ἱλάειρα
1071 4025 1112 4090 ab
1133 4017 1226 4102 ἱλάω,
1249 4015 1366 4115 Δάειρω

255 4113 381 4194 adds.
419 4127 544 4196 Vereor
562 4144 684 4213 autem,
706 4146 745 4199 ut
765 4136 842 4202 satis
855 4139 981 4203 rectel.
1002 4139 1043 4205 Η.
1065 4140 1198 4208 Vossius
1216 4141 1340 4208 adH.
1331 4164 1364 4206 m

255 4234 328 4303 Cer.
346 4237 372 4304 1.
393 4262 421 4304 c.
442 4232 515 4305 ab’
505 4234 565 4305 aaa
587 4235 748 4311 vellesius
770 4259 803 4312 et
825 4240 899 4336 011ορ
920 4252 1124 4340 repetiverit.
