2967 5209
460 498 467 513 ¹
498 527 530 573 in
555 526 688 574 austum·
705 526 922 575 mesonma.
1213 501 1286 575 395

156 685 277 785 λάγεο,
300 687 341 761 ὧν
362 678 573 787 lambecio
597 686 761 771 Ἡσίοδος.
807 700 1068 788 Tyrrhenorum
1095 699 1286 766 meminisse

157 808 337 875 Hesiodum
369 809 476 875 tradit
507 809 611 877 etiam
641 811 876 891 Eratosthenes
907 811 996 901 apud
1025 809 1224 878 Strabonem
1255 811 1283 876 1.

156 944 191 1011 p.
216 922 270 988 23.
395 943 399 950 ·
1155 953 1158 959 ·

199 1171 255 1215 vv.
283 1149 368 1213 1016
399 1170 464 1236 seq.
502 1150 557 1216 Ex
578 1148 781 1239 ‘Calypsone
803 1148 973 1218 Oceanim
998 1149 1111 1241 (supra
1133 1173 1166 1217 v.
1189 1146 1282 1237 359.)

154 1273 189 1327 et
207 1263 325 1350 Vlysse
356 1261 558 1328 Nausithous
581 1275 615 1329 et
639 1252 837 1330 Nausinous.
887 1264 1008 1353 Liquet
1036 1264 1186 1331 nomina
1206 1287 1285 1353 per·

153 1373 264 1439 tinere
297 1374 339 1438 ad
374 1374 554 1462 proprium
582 1375 757 1463 Tyrrheni
788 1378 894 1457 maris
915 1378 1033 1444 accolis
1062 1378 1213 1443 studium
1234 1377 1285 1443 rei

153 1484 293 1552 navalis.
338 1484 507 1573 Namque,
531 1474 725 1566 ut'ciroes,
748 1486 796 1554 ita
821 1486 986 1576 Calypsbs
1002 1489 1150 1554 insulam
1174 1489 1213 1553 in
1246 1509 1284 1554 co

152 1598 242 1663 mari
273 1595 389 1677 fuisse,
424 1600 535 1664 multa
566 1599 698 1665 medere
721 1621 782 1663 nos
810 1599 941 1668 iubent.
973 1599 1060 1668 Vide
1083 1599 1284 1688 Apollodori

152 1707 274 1799 fragm.
291 1711 353 1778 Ed.
376 1710 484 1799 Heym
505 1733 539 1801 p.
565 1712 640 1780 421.
664 1710 795 1778 Plinius
818 1710 879 1778 111.
905 1735 934 1780 c.
958 1714 1009 1778 10.
1035 1715 1053 1800 §
1074 1713 1125 1778 15.
1150 1712 1284 1777 Prolem

104 1830 112 1834 ’
152 1824 315 1890 Homerus
338 1848 381 1890 ex
399 1825 520 1912 Vlysse
539 1837 573 1890 et
593 1824 783 1913 Calypsone
802 1826 937 1890 nullam
958 1836 1136 1891 memorat.
1183 1825 1283 1914 Apud

151 1937 327 2026 Hyginum
349 1936 375 2002 f.
402 1938 706 2003 mememoratur
726 1937 858 2023 Vlyssis
881 1949 915 2002 et
940 1935 1051 2003 Circes
1074 1937 1168 2003 filius
1190 1938 1284 2003 Nou·

150 2052 296 2139 οἰροΙιουο,
331 2061 491 2138 corrupto
521 2050 677 2127 nomine,
709 2048 799 2136 quod
829 2047 991 2136 Micyllus
1013 2050 1164 2115 correxit
1185 2050 1281 2115 Nau·

150 2163 282 2228 subcus.

196 2390 317 2456 Versus
340 2389 444 2466 1013,
472 2389 555 2452 1017
579 2409 644 2472 seq.
667 2385 846 2472 respiciens
868 2383 1063 2450 Eustathius
1085 2385 1125 2449 ad
1149 2382 1213 2452 Od.
1237 2387 1280 2453 Π.
1347 2444 1349 2451 .

153 2503 250 2603 1706.
276 2503 328 2567 45.
353 2488 391 2565 ἐκ
415 2491 526 2586 Κίρκης
549 2490 611 2564 oto>
636 2486 707 2565 καθ’
733 2483 886 2562 Ἡσίοδον
901 2483 1063 2562 Ὀδυσσεῖ
1068 2479 1206 2587 ’Άγριος
1223 2492 1281 2566 καὶ

88 2686 90 2689 ,
149 2608 298 2686 Λατῖνος·
323 2602 363 2679 ἐκ
386 2601 424 2681 dt
448 2599 628 2695 Καλυψοῦς
652 2600 837 2684 Ναυσίθοος
861 2602 918 2676 καὶ
942 2602 1131 2682 Novo-irase.

195 2860 250 2904 vt.
277 2838 508 2905 1018-1021.
541 2836 703 2913 Absolute
727 2836 878 2902 camnine
907 2837 949 2901 de
970 2837 1057 2902 natis
1086 2857 1104 2902 e
1132 2838 1278 2903 Dearum

150 2973 229 3015 cum
254 2950 337 3015 viris
366 2949 565 3015 mortalibus
587 2971 761 3036 congressu
782 2947 951 3027 heroibus,
972 2948 1094 3012 transit
1117 2952 1217 3037 poita
1237 2951 1277 3015 ad

149 3063 406 3128 memorandum
427 3055 589 3151 γυναικοῖν
615 3057 723 3147 φῦλον
745 3084 771 3127 s.
795 3061 835 3125 ad
864 3049 1074 3149 καταλόγους
1097 3050 1280 3149 γυναικῶν,

149 3176 188 3240 in
213 3173 334 3262 quibus
361 3174 514 3261 equidem
545 3173 698 3262 primum
733 3174 847 3238 locum
871 3171 1043 3254 tributum
1069 3172 1170 3238 fuisse
1190 3185 1278 3262 puto

150 3288 334 3367 Pandoraa,
358 3311 429 3352 non
452 3288 532 3375 quia
553 3298 667 3353 movet
685 3308 757 3364 me,
772 3284 862 3373 quod
883 3285 1003 3351 lriarte
1021 3285 1128 3353 Catal.
1147 3286 1276 3354 Matrit.

149 3422 184 3488 p.
211 3401 266 3464 26.
293 3400 330 3464 in
351 3398 472 3467 Codice
491 3411 624 3477 octavo,
645 3398 840 3463 continente
862 3397 1109 3486 Theogoniam,
1132 3400 1278 3466 Lascaris

148 3537 253 3578 manu
267 3514 443 3601 scriptam,
458 3524 544 3601 ,post
562 3536 594 3578 v.
612 3514 708 3578 1021.
730 3511 870 3600 adiungi
886 3512 991 3577 tradit
1007 3525 1151 3600 quatuor
1164 3536 1277 3578 versus

148 3627 361 3692 hexametros
382 3626 496 3715 (supra
519 3625 557 3689 in
581 3624 670 3711 Lydi
691 3626 765 3690 loco
783 3622 1016 3713 memoratos),
1040 3647 1185 3712 quorum
1204 3627 1277 3714 pri·

148 3762 244 3805 mum
268 3738 408 3825 adponit
427 3737 536 3802 hunc:
560 3733 655 3825 κούρη
675 3724 706 3803 d'
726 3723 759 3802 ἓν
780 3723 974 3825 μεγάροισιν
996 3726 1128 3826 ςὀγαυοῦ
1152 3736 1277 3803 Δευκα·
1322 3740 1327 3745 ’

147 3844 254 3922 >liuvae
277 3849 369 3939 (nam
389 3871 496 3936 neque
519 3847 695 3938 Catalogus
719 3849 859 3914 initium
879 3850 997 3914 ducere
1009 3851 1159 3937 potuita
1181 3845 1277 3938 κούρη
1308 3926 1310 3930 ³

149 3951 177 4029 δ’
197 3976 232 4029 et
252 3976 316 4043 est,
352 3975 392 4027 ut
423 3985 501 4028 cum
530 3962 723 4028 Muetzellio
756 3984 792 4049 p.
824 3965 899 4028 509.
932 3963 1089 4029 confictos
1110 3964 1275 4029 recentius

147 4076 208 4142 hos
229 4099 341 4142 versus
361 4075 571 4166 habeamus),
595 4076 650 4140 sed
671 4076 759 4163 quod
788 4098 831 4139 ex
858 4076 1057 4141 Prometheo
1073 4088 1107 4140 at
1126 4077 1274 4142 Pandora

147 4190 298 4279 genitum
319 4189 556 4256 Deucalionem
575 4189 617 4254 ab
635 4188 776 4254 Hesiodo
790 4188 879 4252 tradi
901 4175 934 4252 ἒν
951 4176 1068 4276 πρώτῳ
1080 4179 1275 4280 καταλόγων

147 4304 268 4368 sisere
297 4302 379 4365 aion
411 4301 523 4367 schol.
548 4300 723 4390 Apollonii
743 4301 810 4367 nh.
837 4302 878 4366 aa
901 4302 959 4367 111.
983 4304 1100 4379 rosa,
1123 4280 1274 4392 quodque
1310 4312 1313 4331 ¹
