2967 5209
460 543 492 587 m
517 541 641 589 ursroor
666 542 880 589 rnroconnu.
1140 514 1237 590 ,181⁸

101 710 238 777 ridetur
256 710 335 790 ille,
357 710 386 776 si
406 722 521 775 natam
543 733 586 775 ex
609 710 701 779 Chao
728 713 867 777 Terram
891 733 1020 796 quoque
1040 711 1225 791 statuisset,

100 822 219 898 eodem
244 804 343 887 niodo
366 824 431 888 hoc
453 824 691 890 enuntiaturus
711 822 824 889 fuisse.
871 824 976 900 Tum,
1008 823 1035 887 si
1058 810 1165 904 Χάος,
1188 836 1226 888 ut

100 934 257 1012 videtur,
284 933 376 1000 dixit
397 929 485 1000 κένον
510 928 567 998 acl
592 925 729 1023 ἀόρατον
754 926 878 1019 τόπον,
900 936 961 1001 vix
978 947 1043 1014 est,
1060 947 1100 999 ut
1118 960 1160 999 er
1172 937 1227 1000 illo

100 1049 249 1114 solidum
286 1050 414 1136 aliquid
448 1063 584 1116 enatum
612 1051 834 1139 probabiliter
864 1051 1002 1117 dixerit.
1059 1050 1228 1118 Cornutus

102 1174 215 1227 autem
234 1174 266 1228 et
287 1164 348 1229 alii
372 1165 515 1229 Terram
528 1188 571 1230 ex
596 1164 688 1231 Chao
709 1177 824 1250 natam
841 1166 992 1230 statuisse
1016 1168 1151 1253 poetam
1169 1187 1230 1231 vo·
1317 1195 1319 1201 ¹

101 1277 258 1353 luerunt,
284 1277 373 1361 quod
398 1298 475 1340 eum
498 1263 587 1347 Χάος
609 1278 815 1342 intellexisse
834 1278 1005 1342 crederent
1023 1279 1076 1344 vel
1095 1299 1226 1364 aquam,

102 1389 157 1453 vel
180 1391 307 1466 aerem,
341 1389 396 1452 vel
415 1388 546 1475 ignem,
574 1391 629 1455 vel
647 1390 913 1477 qualemcunque
935 1379 1035 1471 ὕλην,
1055 1402 1096 1454 ut
1121 1390 1229 1476 liquet

101 1522 147 1565 ex
184 1511 254 1565 tota
286 1498 429 1566 Comuti
460 1501 686 1589 disputatione
720 1526 756 1592 p.
790 1505 852 1568 173
880 1528 945 1593 seq.
986 1504 1041 1569 cui
1071 1502 1226 1569 subiicit:

103 1601 232 1682 εἰκὸτως
255 1595 309 1677 οὖν
331 1602 463 1697 ’ἔφασαν
485 1605 578 1697 perir
599 1606 637 1678 rb
660 1603 750 1686 Χάος
772 1606 828 1695 τὴν
852 1611 913 1696 Γῆν
934 1604 1086 1705 γένεσθαι
1108 1608 1164 1679 acl
1182 1605 1230 1680 ric

104 1714 250 1811 ἠερόεντα
273 1713 443 1813 Τάρταρα.

147 1978 180 2019 v.
205 1957 279 2021 117.
302 1967 390 2022 extr.
412 1959 488 2024 118.
535 1959 576 2023 In
596 1960 764 2033 carmine,
787 1961 881 2025 cuius
905 1958 1110 2046 primarium
1131 1978 1227 2043 argu·

103 2079 258 2131 mentum
278 2068 335 2132 Dii
358 2082 452 2148 sunt,
476 2069 568 2134 haud
593 2071 710 2156 utique
729 2070 910 2135 absurdum
936 2070 1045 2161 rideri
1066 2078 1184 2156 potest,
1201 2066 1229 2129 si

102 2180 219 2264 poeta,
236 2190 310 2266 post
323 2180 530 2244 mentionem
549 2181 702 2268 primum
717 2178 840 2245 factam
857 2181 922 2245 loci
939 2200 1055 2244 rerum
1074 2178 1230 2243 omnium
1270 2189 1275 2200 '

101 2291 247 2377 capacis,
276 2293 329 2356 sed
363 2292 509 2357 eiusdem
544 2293 640 2358 vacui
669 2305 767 2380 atque
795 2293 922 2371 inanis,
945 2292 1164 2369 memoravit,
1192 2301 1232 2353 ut

102 2402 224 2468 deinde
246 2416 381 2483 natum,
406 2405 553 2470 solidum
575 2406 664 2470 illud
683 2417 782 2493 atque
802 2405 961 2484 firmum,
977 2406 1014 2469 in
1032 2428 1097 2492 quo
1116 2405 1232 2491 degere

102 2525 136 2580 et
158 2514 311 2580 habitare
339 2517 397 2581 Dii
425 2529 573 2604 possent,
612 2518 725 2605 superi
747 2518 884 2605 quidem
912 2519 951 2584 in
971 2517 1142 2605 Olympo,
1172 2515 1233 2581 alii

102 2637 217 2691 autem
247 2628 286 2690 in
317 2628 468 2693 Tartaro.
523 2628 657 2717 Superis
687 2643 726 2695 ut
754 2644 835 2696 esset
856 2632 957 2697 firma
987 2633 1092 2710 sedes,
1117 2628 1234 2694 debuit

103 2739 256 2829 Olympo
287 2743 419 2806 coelum
449 2743 628 2808 sustinenti
656 2744 786 2809 stabilis
809 2744 975 2809 substerni
1004 2744 1089 2809 basis
1111 2744 1231 2820 Terra3

101 2853 219 2918 debuit
248 2853 362 2940 ipsum
385 2853 545 2934 Coelum,
574 2857 663 2943 quod
693 2855 836 2923 Coclites
850 2858 1062 2935 incolerent,
1089 2879 1107 2920 a
1130 2856 1233 2919 Terra

101 2966 196 3054 gigni
220 2966 265 3055 (r.
290 2968 392 3047 128),
416 2969 715 3053 quemadmodum,
742 2982 782 3033 ut
807 2982 888 3034 esset
909 2970 1037 3035 Deabus
1063 2965 1233 3054 Nymphis

101 3081 336 3160 domicilium,
358 3082 470 3146 eadem
493 3083 595 3146 Terra
616 3083 766 3170 genuisse
785 3082 911 3146 dicitur
936 3080 1064 3145 Montes
1091 3077 1135 3166 (v.
1157 3077 1231 3140 129.

103 3193 193 3282 130).
247 3192 308 3258 Sed
340 3216 473 3259 versum
499 3196 561 3259 118
587 3217 666 3259 cum
686 3206 841 3281 sequente
864 3193 1050 3257 omiserunt
1073 3190 1168 3254 Plato
1194 3190 1233 3253 in

51 3359 53 3365 .
102 3306 209 3374 Conv.
233 3329 268 3393 p.
289 3308 362 3374 178.
386 3307 422 3371 Β.
443 3307 582 3372 Aristot.
607 3307 648 3371 de
664 3306 873 3394 Xenophane
893 3328 922 3369 c.
944 3305 970 3372 Ι.
993 3303 1142 3391 Metaph.
1159 3303 1185 3368 1.
1200 3303 1230 3366 4.

15 3480 16 3485 ,
100 3419 195 3486 Sext.
218 3420 317 3507 Emp.
343 3420 419 3485 adv.
439 3419 539 3507 Phys.
564 3419 590 3484 1.
612 3421 644 3484 6.
665 3423 709 3497 7.,
731 3419 791 3506 qui
811 3430 923 3482 tamen
945 3429 1064 3481 utrum
1078 3438 1131 3482 eos
1147 3416 1233 3480 omi-

100 3533 223 3610 serint,
249 3532 348 3618 quod,
372 3533 426 3596 rel
449 3531 488 3595 in
504 3531 571 3596 suis
591 3531 757 3619 exemplis
771 3552 840 3595 non
855 3530 1061 3609 invenirent,
1079 3530 1134 3594 vel
1152 3532 1231 3615 poe-

99 3657 151 3709 tae
174 3643 411 3709 abiudicandos
433 3656 618 3721 censerent,
639 3667 682 3708 an
705 3644 955 3721 tantummodo,
974 3644 1063 3729 quod
1077 3643 1118 3706 ad
1135 3663 1230 3728 prae

98 3768 229 3822 sentem
251 3778 368 3821 eorum
392 3754 653 3842 disputationem
675 3756 790 3819 minus
808 3755 1036 3842 pertinerent,
1062 3755 1230 3817 incertum

98 3883 156 3936 est.
205 3870 246 3934 In
274 3893 372 3935 versu
399 3868 536 3954 quidem
566 3869 637 3967 *119
673 3868 779 3959 haud·
801 3866 899 3931 facile
927 3867 1021 3963 prius
1048 3864 1231 3929 obtinuisse

98 4005 243 4060 censeas,
275 4004 372 4060 cum,
398 3990 437 4043 ut
460 4002 503 4045 ex
527 3979 670 4046 Scholiis
701 3982 854 4069 colligas,
890 3977 1115 4044 Alexandrini
1143 3988 1232 4041 certe

100 4093 324 4159 Grammatici
349 4095 459 4158 solum
487 4116 520 4156 v.
550 4095 613 4158 118
634 4094 789 4181 spurium
809 4091 1013 4168 censuerint,
1038 4112 1098 4155 nec
1124 4090 1165 4154 de
1182 4111 1231 4153 se·

89 4216 221 4293 'quente
250 4206 352 4270 illum
382 4229 479 4271 versu
510 4205 727 4285 Plutarchus,
758 4203 950 4281 Pausanias,
982 4202 1107 4288 aliique
1138 4202 1232 4267 infra

101 4320 246 4397 citandi,
270 4319 352 4403 quin
373 4317 550 4383 Hesiodeus
571 4328 668 4396 esset,
689 4316 931 4384 dubitaverint.
971 4316 1039 4394 At,
1066 4314 1131 4381 nisi
1152 4338 1230 4380 cum
1324 4391 1328 4400 .
