2967 5209
271 442 344 519 266
711 472 954 522 comumnes

269 644 311 710 ab
342 630 408 710 aas
437 648 541 730 spiro,
575 630 748 719 Ὠκυπέτη
776 663 793 705 a
821 640 921 705 celeri
945 640 1071 709 volatu.
1116 640 1183 706 Has
1210 640 1290 706 duas
1310 658 1378 704 cum

269 757 409 825 Hesiodo
440 765 605 820 memorat
624 754 848 843 Apollodorus
871 753 897 819 1.
920 753 962 820 11.
987 756 1018 821 6.
1065 752 1129 820 Sed
1152 777 1196 821 ex
1224 753 1331 820 ecdem
1355 754 1377 819 Ι.

270 870 327 936 IX.
351 870 408 936 21.
434 868 555 947 discas,
579 867 718 932 alteram
745 891 765 931 a
787 865 985 954 quibusdam
1008 856 1233 949 Ἀελλόπουν,
1255 866 1298 932 ab
1315 867 1379 932 aliis

268 970 441 1063 Νικοθόην,
455 982 594 1046 alteram
610 1002 630 1043 a
646 979 823 1045 nonnullis
838 967 995 1057 Ὠκυθόηυ
1014 980 1139 1045 dictam
1156 978 1268 1046 fuisse.
1292 982 1377 1069 Apud

267 1095 451 1161 Homerum
473 1093 514 1159 11.
537 1094 581 1159 Π.
607 1094 681 1157 150.
705 1102 753 1156 est
769 1081 916 1199 Ἅρπυια
937 1077 1107 1182 Ποδάργη.
1153 1091 1252 1181 Apud
1273 1093 1376 1182 Virgi-

266 1209 355 1304 lium
376 1208 459 1275 Aen.
489 1206 548 1272 Ill.
573 1206 649 1270 2112
669 1204 746 1270 245.
771 1204 871 1269 tertia
894 1203 1035 1271 Celaeno
1054 1214 1279 1286 memoratur;
1301 1206 1375 1293 apud

267 1320 440 1411 Hyginum
470 1321 507 1386 in
534 1316 640 1385 Praef.
661 1329 728 1383 tres
749 1317 831 1397 hae,
858 1316 1018 1396 Celaeno,
1041 1316 1211 1407 Ocypete,
1237 1318 1376 1406 Podarge.

267 1430 367 1498 Cous.
390 1430 540 1518 Heynius
555 1430 594 1495 in
616 1431 699 1496 Exc.
722 1429 798 1499 Vll.
823 1429 863 1495 ad
885 1430 968 1496 Aen.
991 1429 1051 1497 111.

312 1545 476 1633 Harpyias
495 1544 674 1610 Hesiodum
695 1543 919 1609 Thaumantis
938 1554 972 1610 et
988 1545 1139 1611 Electrae
1154 1546 1242 1612 filias
1255 1545 1374 1640 dixisse,

266 1673 406 1727 testatur
427 1660 519 1728 Serv.
543 1660 584 1725 ad
606 1660 694 1726 Aen,
713 1659 773 1725 III.
798 1661 875 1724 212.

260 1936 263 1941 «
309 1910 343 1953 v.
365 1889 432 1954 270
452 1899 492 1953 ut
513 1887 647 1954 Hesiodi
668 1888 706 1954 in
729 1887 921 1977 Theogonis
950 1889 1058 1955 citant
1076 1890 1185 1956 Draco
1209 1889 1249 1955 de
1271 1888 1374 1959 Mettis

263 2024 298 2090 p.
320 2003 374 2070 st.
399 2004 451 2069 15.
475 2003 622 2068 Lascaris
646 2001 800 2069 Gramm.
830 2001 890 2068 Gr.
916 2004 942 2069 Ι.
966 2002 1026 2068 111.
1048 2003 1084 2070 Β.
1104 2003 1198 2072 VIII.
1221 2001 1247 2070 f.
1276 2025 1306 2070 v.
1329 2001 1372 2067 cd.

263 2115 341 2181 Ald.
388 2114 476 2182 Cum
495 2115 646 2193 Hesiodo,
673 2115 850 2202 coniugem
868 2114 1015 2203 Phorcyi
1037 2116 1210 2213 tribuente
1226 2115 1311 2193 ceu,
1325 2111 1370 2178 fa·

261 2227 357 2294 ciunt
376 2228 532 2318 Apollod.
553 2229 581 2293 1.-
606 2229 651 2294 11.
675 2230 706 2293 6.
731 2239 766 2293 et
781 2226 934 2316 Hyginus
956 2228 994 2293 in
1009 2227 1118 2316 praef.
1145 2230 1190 2296 At
1208 2224 1371 2316 Typhaoni

263 2341 344 2409 Ceto
372 2343 549 2430 coniungit
581 2341 781 2430 Euphorion
811 2342 900 2430 apud
929 2343 1045 2429 Etym.
1073 2342 1122 2411 M.
1149 2366 1183 2432 p.
1214 2344 1286 2408 396.
1305 2340 1369 2415 26..

262 2454 357 2520 cuius
369 2457 488 2543 pcitae
503 2454 685 2519 dolendum
704 2463 836 2518 estnon
850 2452 917 2519 nisi
939 2476 1048 2519 unum
1067 2454 1118 2525 ibi
1139 2477 1270 2522 versum
1285 2449 1368 2517 citari

253 2555 408 2637 ‘'Ocucve
437 2556 618 2653 εὐρυκέωσυ
643 2555 797 2651 Tumulus
831 2561 982 2630 usuam
1013 2556 1120 2646 Karai.
1172 2569 1313 2652 Namque
1334 2583 1368 2627 ex

262 2668 392 2768 integro
412 2679 525 2743 lucem
544 2675 686 2743 forsitan
707 2677 921 2765 accepissent,
944 2700 1029 2765 quae
1041 2679 1083 2745 de
1101 2681 1200 2769 prole
1215 2675 1310 2746 cetus
1324 2674 1370 2739 hic

262 2791 459 2869 traduntur,
482 2811 583 2877 quam
603 2810 738 2853 omnem
752 2789 1065 2877 interpretationem
1085 2815 1239 2882 respuere
1257 2785 1368 2855 censuit

262 2904 424 2993 Heynius.
471 2901 629 2969 Attamen
649 2902 689 2966 ad
711 2902 860 2990 primam
880 2904 1128 2990 generationem
1148 2906 1236 2993 quod
1252 2901 1367 2972 attinet,

263 3030 311 3085 est
331 3039 419 3103 sane,
440 3027 481 3079 ut
497 3015 627 3101 aliquis,
647 3036 725 3079 cum
737 3025 789 3079 tot
811 3005 960 3103 γέρόυπες
981 3018 1020 3083 in
1037 3021 1127 3084 mari
1143 3022 1369 3084 memorentur,

263 3130 363 3197 etiam
387 3119 504 3216 Γραίας
525 3126 707 3193 memorari
732 3128 825 3192 haud
844 3128 1007 3208 miretur,
1031 3131 1132 3218 idque
1151 3122 1304 3197 similiter
1324 3119 1368 3186 vel

263 3266 342 3310 cum
360 3241 503 3308 Scholiis
522 3242 562 3307 ad
584 3242 620 3308 11.
642 3239 727 3310 had
753 3243 856 3308 maris
876 3265 920 3308 ex
938 3244 1066 3331 spumis
1084 3245 1253 3321 canitiem,
1274 3238 1323 3306 vel
1335 3230 1367 3296 ad

264 3352 346 3422 alias
375 3375 486 3418 causas
515 3351 656 3432 referat,
681 3352 722 3447 de
749 3352 870 3440 quibus
893 3378 995 3443 supra
1017 3356 1170 3422 diximus
1189 3356 1227 3422 ad
1249 3375 1280 3418 v.
1303 3347 1366 3412 233·

264 3470 351 3535 sicut
375 3467 445 3555 ipse
463 3465 614 3554 Heynius
626 3464 714 3530 ¹cano
734 3467 846 3531 colore
867 3467 894 3531 Γ
894 3459 985 3554 paics
1003 3468 1155 3556 ipsarum
1172 3460 1367 3557 prudentiam

264 3580 431 3670 designari
466 3589 580 3668 putat,
610 3576 703 3645 Obss.
741 3579 782 3643 ad
812 3579 967 3667 Apollod.
997 3605 1032 3670 p.
1062 3585 1135 3649 119.
1194 3580 1367 3646 Hermanno

265 3696 387 3784 Opusc.
416 3693 460 3759 11.
492 3715 526 3780 p.
559 3693 632 3757 179.
670 3686 783 3779 spatae
813 3706 892 3759 sunt
920 3697 1042 3774 undae,
1071 3718 1155 3784 quae
1179 3687 1287 3759 littori
1302 3679 1366 3747 alli·

264 3832 316 3875 sae
334 3830 467 3896 spumas
487 3816 590 3893 agunt
610 3827 700 3869 nunc
718 3805 892 3883 veniendo,
913 3830 1004 3872 nunc
1020 3806 1209 3883 recedendo,
1232 3790 1366 3887 I'c‘pyutc

265 3940 402 4010 magnae
423 3933 457 3986 et
468 3918 639 3995 terribiles
648 3920 768 3985 undae.
799 3919 906 4000 Mihi,
927 3922 1016 4008 quod
1033 3921 1148 3989 Graeis
1161 3938 1283 3986 sorores
1297 3910 1365 3974 dall·

265 4049 323 4101 tur
341 4033 507 4100 horrenda
531 4032 637 4120 specie
658 4031 843 4119 Gorgones,
864 4034 1016 4122 quodque
1039 4034 1162 4099 harum
1180 4042 1243 4097 esse
1258 4021 1364 4091 dicitur
1426 4066 1428 4107 3

265 4148 428 4214 habitatio
439 4159 533 4213 trans
547 4144 716 4212 Oceanum
732 4144 779 4233 (v.
796 4145 899 4235 m),
916 4150 1011 4213 cuius
1022 4151 1130 4216 undae
1146 4169 1213 4214 non
1227 4144 1285 4207 hoc
1299 4150 1364 4223 prae
1426 4114 1427 4191 l

264 4264 350 4328 mari
373 4262 613 4327 mediterraneo
634 4259 686 4325 rel
712 4272 817 4347 ponto
837 4261 973 4330 Euxino
993 4263 1158 4349 peculiare
1177 4252 1377 4331 habuerunt,¹
1425 4256 1427 4279 ¹

1425 4292 1427 4299 <

1424 4348 1426 4507 l
