2967 5209
528 485 847 552 ΘΕΟΓΟΝΙΑ.

173 668 245 743 745
270 674 423 761 ἐ’ττηνιεν,
447 672 585 766 νεφέλῃς
607 671 843 766 κεκαλυμμένα
865 673 1028 765 κνανένντι.

314 795 387 866 Τῶν
409 788 525 888 πρόσθ’
554 795 715 867 Ἰαττετοῖα
737 790 819 873 πάϊς
843 793 944 892 ’ἔχετ’
966 792 1092 890 οὐρανὸν
1111 793 1200 889 εὐρὺν

268 914 410 1008 ἑστηὼς,
433 916 567 1012 κεφαλῇ
587 942 625 989 τε
641 916 698 990 καὶ
721 913 930 1010 αἰκαματοιτι
951 917 1108 1015 χέρεσσιν

268 1038 490 1134 ἀστεμφέως,
513 1033 560 1113 tta
584 1041 658 1130 Νὖξ
674 1063 712 1111 τε
732 1038 789 1112 καὶ
808 1037 930 1134 Ἡμέρη
953 1035 1065 1134 ἀμφὶς
1086 1038 1193 1112 ἰοῦσαι

505 1263 642 1311 vunnu
664 1263 867 1312 LEGTIONES·

158 1411 193 1444 ts.
211 1397 273 1445 745.
290 1393 506 1454 emutilant.
521 1395 595 1445 (1.1).
612 1396 674 1448 Par..
705 1399 785 1459 ipsum
802 1411 889 1446 vereor
906 1405 933 1445 ut
952 1407 1036 1447 notare
1054 1399 1139 1460 possit.
1165 1399 1250 1460 ltaque

119 1482 236 1530 C.1unt.
257 1482 284 1528 2.
321 1476 451 1546 κυανέῃσιν
468 1480 534 1528 Flor.
553 1478 585 1528 Α.
604 1481 632 1527 Β.
704 1477 763 1544 ixei
775 1495 830 1530 cum
840 1483 979 1533 Hermanno
988 1484 1087 1541 scribat,
1099 1499 1174 1545 quem
1186 1498 1249 1542 uon,

157 1581 194 1616 vs.
215 1566 277 1614 7⁴6.
296 1567 346 1613 riis
363 1565 453 1629 apio?
474 1564 544 1614 Ἰατ.
562 1564 620 1613 Par.
639 1564 667 1613 Α.
704 1574 732 1614 ut
747 1580 797 1624 me,
813 1567 909 1616 cohibet
925 1568 1001 1617 mirus
1014 1569 1056 1617 iile
1066 1568 1181 1617 Codicum
1194 1583 1250 1618 can·
1277 1565 1282 1576 ’

119 1649 177 1698 utd.
205 1651 261 1698 Bas.
291 1650 358 1698 lunt.
383 1650 398 1697 1
424 1650 451 1697 Ξ.
477 1650 550 1698 Frob.
580 1648 667 1712 Steph.
705 1664 792 1699 sensus
805 1646 927 1714 ἰνιϊχττξ
940 1666 1022 1715 neque
1038 1654 1105 1702 enim
1122 1665 1206 1702 omnes
1223 1653 1252 1702 il·

10 1755 11 1758 *
117 1730 196 1798 ἔχετ’
216 1737 371 1785 Hermannus
388 1738 414 1785 in
432 1735 505 1786 Ceus.
524 1736 614 1787 Goetti.
629 1749 669 1786 or·
705 1734 748 1783 lud
758 1736 866 1785 hausisse
875 1736 1013 1798 putandum
1022 1744 1059 1785 est
1070 1750 1102 1784 ex
1113 1750 1161 1784 uno
1170 1745 1252 1785 vetere

119 1831 171 1870 tum
184 1823 217 1871 ab
226 1836 311 1871 errore
319 1829 389 1883 putat
401 1822 566 1880 librariorum,
574 1835 668 1884 proque
705 1821 827 1882 exemplo,
843 1821 869 1869 in
881 1835 930 1884 quo
945 1821 1060 1870 librarius
1074 1819 1139 1870 iacili
1155 1821 1252 1882 quidem

119 1908 320 1966 euseribendum
334 1902 403 1968 ixei.
433 1907 492 1955 Mihi
506 1908 609 1956 verbum
618 1919 670 1962 me:
704 1920 789 1955 errore
802 1907 828 1955 id
841 1902 956 1971 proixsc
970 1909 1064 1971 primus
1077 1907 1210 1969 scripserit.

119 1991 188 2039 dium
211 1989 310 2039 deieudi
334 2003 406 2052 pesse
433 1990 530 2038 videtur
557 1991 669 2052 exemplo
740 2007 777 2040 vs.
799 1995 860 2041 tit.
876 1989 976 2052 ἑστεὼς
991 1994 1050 2043 Par.
1063 1993 1093 2042 C.
1109 1991 1253 2043 minmittit

119 2075 220 2123 Homeri
229 2075 302 2122 lta.
311 2075 372 2122 531.
381 2068 549 2134 πεπταμένας
559 2068 585 2120 ii
592 2070 670 2135 χερσὶ
706 2077 787 2125 Emm.
825 2075 982 2139 ἀκαμάτατι
993 2075 1100 2141 χέρεστι
1113 2077 1254 2140 praeferen-

119 2156 204 2218 πύλας
219 2156 398 2222 ixei-hatum
409 2159 669 2222 repugno‚qu0minus
706 2162 765 2209 dum
789 2162 863 2210 etiam
886 2164 927 2212 hic
950 2163 1009 2212 duxi
1028 2177 1085 2212 cum
1103 2161 1253 2211 iduetzellio.

118 2248 255 2308 praesentis
272 2248 388 2309 temporis
406 2248 508 2296 verbum
523 2246 564 2294 hie
580 2257 668 2293 conve·
705 2247 762 2295 vid.
781 2262 855 2310 supra
880 2247 922 2295 dd.
942 2248 973 2296 ad
995 2263 1020 2295 v.
1040 2249 1091 2297 sta
1111 2243 1255 2307 ἀκαμάτοις

117 2334 227 2383 nieutius
244 2335 373 2391 habeatur,
391 2334 465 2395 quale
485 2333 560 2381 etiam
577 2330 670 2379 Scholi-
705 2330 833 2396 χείρεσσιν
851 2334 909 2382 Par.
926 2334 956 2382 Α.
975 2334 1040 2395 quad
1055 2335 1114 2383 item
1127 2333 1185 2383 ierri
1198 2347 1254 2396 pns-

119 2427 186 2466 astes
206 2417 315 2479 explicat
334 2412 444 2479 κατέχει
461 2411 608 2479 καὶφέρει,
627 2415 671 2500 (μιίΙ
706 2419 753 2477 sit,
781 2418 847 2467 haud
877 2426 1003 2467 aversante
1037 2418 1143 2469 Hesiodo
1169 2432 1255 2467 versus

119 2504 223 2564 proinde
241 2505 281 2552 vel
298 2498 356 2566 ixia
374 2505 434 2566 legit
452 2505 491 2553 vel
508 2498 583 2566 ixrr‘
597 2488 677 2551 acce?
696 2504 859 2567 spondiacus.
889 2505 919 2554 ln
933 2505 1022 2555 ceteris
1034 2503 1079 2552 SS.
1092 2507 1118 2552 h.
1132 2505 1151 2552 l.
1166 2512 1213 2561 est,
1227 2512 1254 2552 ut

120 2589 155 2651 pit
169 2583 276 2652 ϊχετιιι,
304 2591 370 2638 Dura
379 2598 462 2638 autem
473 2589 512 2638 hie
527 2587 669 2652 diphthongi
706 2591 731 2640 iu
748 2592 810 2642 Edd.
827 2589 976 2657 ἄκαματῇσι
993 2586 1053 2654 χίρ.
1069 2598 1253 2654 praeterquam,

119 2688 146 2722 “⁴
165 2675 246 2732 θὶὶῦῑθν
271 2681 389 2735 “tuente
408 2670 516 2735 θῦνᾱνόνι
536 2674 607 2721 cuim
624 2672 671 2721 eli·
706 2678 772 2738 quod
784 2679 810 2727 in
821 2678 879 2727 Par.
890 2679 921 2727 E.
931 2686 956 2727 et
965 2679 1022 2727 Vat.
1032 2686 1069 2727 est
1078 2674 1253 2737 ακαμάττττι.

120 2759 196 2809 sinuis
214 2760 295 2808 simile
313 2761 452 2821 exemplum
470 2774 519 2809 non
533 2760 580 2808 nisi
593 2772 669 2808 unum
741 2776 779 2810 ns.
799 2764 862 2813 tta.
880 2759 1015 2824 ἄπτφίας
1028 2764 1095 2813 Flnr.
1108 2764 1137 2812 B.
1148 2759 1187 2811 ὅτι
1196 2761 1254 2810 Par.

120 2847 230 2896 invenias
257 2847 288 2895 11.
313 2849 350 2894 A.
373 2847 436 2894 272.
455 2845 487 2903 sic
506 2843 565 2909 ὀξεῖ’
585 2842 669 2895 ὀδύναι
706 2848 1254 2898 u.uodt.utu.1unt.1.2.rrob.uas.ul›i

120 2927 190 2982 δύνον
217 2928 292 2994 μένος
315 2927 461 2995 Ἀτρειδάν,
485 2932 529 2981 uhi
549 2947 599 2982 uon
616 2934 669 2982 sine
705 2935 829 2997 interpres
844 2938 908 2998 prtia.
944 2930 997 2984 tte
1015 2936 1081 2985 Ποῖ.
1100 2935 1130 2983 D.
1159 2929 1255 2996 Ἡμέρη

119 3021 215 3070 ratione
232 3021 357 3069 Bentleius
372 3020 528 3069 emendatum
545 3019 620 3069 voluit
638 3016 670 3075 ric
705 3019 809 3069 formam
826 3028 969 3081 usurpatam
987 3032 1061 3080 supra
1078 3033 1104 3067 v.
1121 3018 1174 3065 tut
1191 3018 1254 3066 reei-

120 3101 181 3167 ὂξιΐ
198 3099 270 3162 ὀδύνη
288 3100 365 3163 dives,
383 3106 526 3153 Buttmann.
536 3103 578 3151 Gr.
590 3104 682 3166 Galo
705 3105 821 3166 piendam
838 3104 913 3152 etiam
931 3102 971 3151 hic
988 3102 1102 3151 duximus
1118 3114 1175 3150 eum
1186 3101 1254 3149 Bais-

120 3190 197 3253 530.
213 3206 239 3253 p.
262 3191 323 3238 126.
339 3191 365 3238 in
385 3197 439 3238 not.
457 3196 484 3237 et
501 3187 537 3236 11.
556 3202 584 3249 p.
603 3188 667 3236 ⁴08.
706 3187 1007 3250 sonadioetiisettiingio.
1043 3188 1183 3251 Agnoscimt
1197 3201 1255 3238 eam

119 3273 153 3331 ὡς
173 3270 243 3337 ὀξίαι
262 3269 345 3324 ὀδύναι
364 3268 434 3323 diuos
449 3273 487 3323 rel
503 3270 534 3329 oie
545 3268 603 3335 ὀξεῖ
613 3269 669 3336 (pro
705 3276 773 3325 ried.
787 3274 845 3323 Par.
862 3272 890 3323 C.
905 3274 961 3323 Vnt.
973 3273 1064 3324 Goettl.
1079 3275 1171 3324 Pavent
1186 3275 1253 3325 Flor.

119 3358 202 3425 ὀξεῖα)
218 3356 302 3409 ὀδύναι
318 3356 398 3410 divos.
426 3358 495 3410 Geni.
507 3357 626 3421 Spitaner.
637 3358 668 3409 de
705 3359 734 3408 C.
753 3360 783 3406 Ι).
802 3359 860 3407 Par.
880 3358 910 3406 D.
928 3356 958 3406 G.
977 3359 1010 3405 Η.
1029 3358 1110 3407 Rehd.
1125 3357 1254 3420 inquibus

119 3461 187 3496 vers.
201 3448 301 3496 heroico
314 3460 341 3507 p.
360 3447 421 3494 163.
436 3459 489 3507 seq.
505 3444 577 3495 Italui
585 3452 668 3493 tamen
705 3455 743 3495 est
765 3441 871 3511 Ἡμέρα.
908 3444 977 3503 Quod
1001 3447 1094 3495 hahent
1113 3444 1171 3494 hid.
1195 3445 1253 3493 Bas.

118 3527 178 3594 ἵχει
203 3533 326 3587 scrihere,
346 3544 402 3578 cum
419 3542 504 3578 omnes
522 3528 597 3577 Gadd.
615 3529 668 3577 vul·
705 3531 944 3588 iunt.1.2.1·'mh.,
957 3525 1047 3592 ἡμέραι
1061 3537 1141 3579 exstat
1155 3531 1181 3578 in
1194 3530 1252 3580 Par.

119 3628 202 3680 ptam
224 3621 345 3674 habeant,
369 3623 471 3676 excepto
492 3615 555 3663 Flor.
579 3614 607 3664 C.
626 3616 668 3676 qui
704 3617 735 3665 t.
747 3610 845 3677 Ἡμέρα
861 3614 937 3664 ceteri
953 3613 1009 3663 libri
1024 3613 1068 3662 SS.
1082 3620 1108 3661 et
1119 3620 1177 3662 ante
1185 3612 1252 3662 Bois-

117 3699 228 3766 ἴσχετο,
239 3703 306 3751 clare
315 3701 349 3750 sie
358 3697 528 3761 imperfectum
539 3701 666 3749 exhibens:
704 3701 831 3749 sonadium
855 3698 920 3747 Edd.
956 3694 1041 3759 αμῲῒς
1066 3694 1165 3753 ἰοῦσαι,
1186 3699 1253 3758 quad

120 3796 146 3836 et
169 3796 243 3837 erunt
262 3785 375 3842 sortasse,
395 3784 483 3846 quibus
500 3777 575 3845 ἴχνι’
593 3785 668 3833 etiam
703 3785 829 3842 dedimus,
856 3783 975 3833 exhibent
998 3782 1065 3830 Flar.
1090 3780 1121 3828 t.
1142 3778 1170 3827 C.
1190 3780 1251 3829 Vsu.

120 3872 156 3922 sie
171 3872 250 3934 aceipi
267 3868 461 3933 possevideatur
474 3866 598 3916 absimile
611 3882 668 3917 mox
703 3872 759 3919 vat.
776 3869 855 3930 Neap.
871 3868 929 3916 Par.
945 3867 976 3914 D.
992 3866 1023 3913 Ε.
1038 3865 1067 3912 F.
1082 3862 1114 3911 G.
1125 3863 1159 3911 Η.
1172 3862 1251 3926 Rehd.

120 3972 148 4007 τ.
167 3959 217 4006 tte
236 3956 406 4020 imperfectum
428 3947 586 4014 τιατίιιιτνν,
605 3970 667 4003 eom·
703 3955 770 4002 lunt.
794 3953 822 4009 2.
847 3951 930 4000 Trine.
954 3947 1047 4011 (neseio
1067 3961 1100 3997 an
1121 3962 1154 3997 ex
1175 3935 1253 4012 ven.)

118 4043 209 4103 petiere
232 4043 322 4098 solent,
347 4039 418 4088 cuius
439 4045 522 4085 tamen
546 4036 592 4085 loci
618 4038 668 4086 alia
704 4037 790 4099 steph.
809 4032 863 4097 (qui
879 4033 961 4097 potius
977 4032 1038 4081 illud
1057 4033 1141 4082 hahuit
1163 4033 1251 4095 scripto

121 4125 180 4174 mihi
190 4139 245 4174 esse
253 4125 316 4173 ratio
325 4124 431 4172 ridetur.
457 4118 576 4182 Equidem
585 4123 668 4170 tueudi
704 4126 729 4174 iu
744 4121 855 4185 margine
868 4109 947 4168 ἄατον
957 4116 1051 4183 ἰαῦσαι)
1060 4118 1154 4168 comm.
1164 4117 1249 4166 Heius.

121 4210 291 4274 imperfectum
305 4211 344 4258 vix
359 4208 433 4257 aliam
446 4207 666 4276 rationemnvidem
704 4212 780 4261 etiam
798 4207 938 4257 Editionum
951 4206 1086 4256 Graeriana
1103 4212 1129 4253 et
1146 4204 1247 4261 Clerici;

121 4303 238 4359 quam'ut
254 4304 322 4348 notet
339 4297 460 4346 tenendum
478 4295 582 4355 accepit,
602 4295 667 4355 quod
704 4296 748 4344 sed
768 4293 802 4343 ihi
825 4292 910 4344 latine
929 4291 1049 4342 redditum
1068 4303 1156 4358 prope,
1178 4297 1204 4338 et
1224 4290 1250 4337 in
