<?xml version="1.0" encoding="UTF-8"?>
<!DOCTYPE html PUBLIC "-//W3C//DTD XHTML 1.0 Transitional//EN"
    "http://www.w3.org/TR/xhtml1/DTD/xhtml1-transitional.dtd">
<html xmlns="http://www.w3.org/1999/xhtml" xml:lang="en" lang="en">
 <head>
  <title>
</title>
<meta http-equiv="Content-Type" content="text/html;charset=utf-8" />
  <meta name='ocr-system' content='tesseract 3.04.00' />
  <meta name='ocr-capabilities' content='ocr_page ocr_carea ocr_par ocr_line ocrx_word'/>
</head>
<body>
  <div class='ocr_page' id='page_1' title='image "./hesioditheogoni00lenngoog_0431.png"; bbox 0 0 2967 5209; ppageno 0'>
   <div class='ocr_carea' id='block_1_1' title="bbox 511 543 1281 618">
    <p class='ocr_par' dir='ltr' id='par_1_1' title="bbox 511 543 1281 618">
     <span class='ocr_line' id='line_1_1' title="bbox 511 543 1281 618; baseline 0.004 -3"><span class='ocrx_word' id='word_1_1' title='bbox 511 570 543 615; x_wconf 86' lang='lat' dir='ltr'>m</span> <span class='ocrx_word' id='word_1_2' title='bbox 567 569 691 617; x_wconf 79' lang='lat' dir='ltr'>ssssom</span> <span class='ocrx_word' id='word_1_3' title='bbox 715 568 927 616; x_wconf 83' lang='lat' dir='ltr'>rasocounu.</span> <span class='ocrx_word' id='word_1_4' title='bbox 1209 543 1281 618; x_wconf 82' lang='lat'>387</span> 
     </span>
    </p>
   </div>
   <div class='ocr_carea' id='block_1_2' title="bbox 152 704 1281 1052">
    <p class='ocr_par' dir='ltr' id='par_1_2' title="bbox 152 704 1281 1052">
     <span class='ocr_line' id='line_1_2' title="bbox 155 704 1281 829; baseline 0 -24"><span class='ocrx_word' id='word_1_5' title='bbox 155 740 274 829; x_wconf 90' lang='lat' dir='ltr'>quibus</span> <span class='ocrx_word' id='word_1_6' title='bbox 297 752 452 806; x_wconf 88' lang='lat' dir='ltr'>acturum</span> <span class='ocrx_word' id='word_1_7' title='bbox 477 762 510 804; x_wconf 86' lang='lat' dir='ltr'>se</span> <span class='ocrx_word' id='word_1_8' title='bbox 537 704 633 826; x_wconf 69' lang='lat' dir='ltr'>potita</span> <span class='ocrx_word' id='word_1_9' title='bbox 660 740 752 805; x_wconf 82' lang='lat' dir='ltr'>dixit</span> <span class='ocrx_word' id='word_1_10' title='bbox 774 765 805 805; x_wconf 85' lang='lat' dir='ltr'>v.</span> <span class='ocrx_word' id='word_1_11' title='bbox 830 744 907 807; x_wconf 86' lang='grc'><strong>967.</strong></span> <span class='ocrx_word' id='word_1_12' title='bbox 955 738 1113 804; x_wconf 82' lang='lat' dir='ltr'>Attamen</span> <span class='ocrx_word' id='word_1_13' title='bbox 1134 743 1281 806; x_wconf 89' lang='lat' dir='ltr'>colorem</span> 
     </span>
     <span class='ocr_line' id='line_1_3' title="bbox 154 852 1279 940; baseline 0.002 -23"><span class='ocrx_word' id='word_1_14' title='bbox 154 853 193 919; x_wconf 92' lang='lat' dir='ltr'>in</span> <span class='ocrx_word' id='word_1_15' title='bbox 214 853 268 919; x_wconf 89' lang='lat' dir='ltr'>his</span> <span class='ocrx_word' id='word_1_16' title='bbox 290 876 360 918; x_wconf 91' lang='lat' dir='ltr'>non</span> <span class='ocrx_word' id='word_1_17' title='bbox 381 853 532 919; x_wconf 84' lang='lat' dir='ltr'>multmn</span> <span class='ocrx_word' id='word_1_18' title='bbox 555 853 596 918; x_wconf 91' lang='lat' dir='ltr'>ab</span> <span class='ocrx_word' id='word_1_19' title='bbox 610 852 768 918; x_wconf 83' lang='lat' dir='ltr'>Hesiodeo</span> <span class='ocrx_word' id='word_1_20' title='bbox 786 854 958 919; x_wconf 84' lang='lat' dir='ltr'>diversum</span> <span class='ocrx_word' id='word_1_21' title='bbox 973 874 1112 939; x_wconf 82' lang='lat' dir='ltr'>agnosco</span> <span class='ocrx_word' id='word_1_22' title='bbox 1126 855 1279 940; x_wconf 84' lang='lat' dir='ltr'>equidem</span> 
     </span>
     <span class='ocr_line' id='line_1_4' title="bbox 152 957 1139 1052; baseline -0.001 -23"><span class='ocrx_word' id='word_1_23' title='bbox 152 987 230 1029; x_wconf 89' lang='lat' dir='ltr'>cum</span> <span class='ocrx_word' id='word_1_24' title='bbox 252 963 445 1031; x_wconf 85' lang='lat' dir='ltr'>Muetzellio</span> <span class='ocrx_word' id='word_1_25' title='bbox 466 988 502 1052; x_wconf 91' lang='lat' dir='ltr'>p.</span> <span class='ocrx_word' id='word_1_26' title='bbox 529 967 594 1044; x_wconf 72' lang='grc'>38,</span> <span class='ocrx_word' id='word_1_27' title='bbox 617 987 719 1051; x_wconf 87' lang='lat' dir='ltr'>quem</span> <span class='ocrx_word' id='word_1_28' title='bbox 741 957 819 1029; x_wconf 87' lang='lat' dir='ltr'>vide</span> <span class='ocrx_word' id='word_1_29' title='bbox 842 964 943 1030; x_wconf 89' lang='lat' dir='ltr'>etiam</span> <span class='ocrx_word' id='word_1_30' title='bbox 965 988 1000 1052; x_wconf 88' lang='lat' dir='ltr'>p.</span> <span class='ocrx_word' id='word_1_31' title='bbox 1024 966 1100 1030; x_wconf 85' lang='lat'><strong>104.</strong></span> <span class='ocrx_word' id='word_1_32' title='bbox 1137 1004 1139 1009; x_wconf 93' lang='lat'><em>·</em></span> 
     </span>
    </p>
   </div>
   <div class='ocr_carea' id='block_1_3' title="bbox 118 1177 1317 1502">
    <p class='ocr_par' dir='ltr' id='par_1_3' title="bbox 118 1177 1317 1502">
     <span class='ocr_line' id='line_1_5' title="bbox 196 1177 1317 1267; baseline -0.002 -11"><span class='ocrx_word' id='word_1_33' title='bbox 196 1213 228 1256; x_wconf 87' lang='lat' dir='ltr'>v.</span> <span class='ocrx_word' id='word_1_34' title='bbox 250 1192 326 1256; x_wconf 85' lang='grc'><strong>980.</strong></span> <span class='ocrx_word' id='word_1_35' title='bbox 362 1188 544 1255; x_wconf 86' lang='lat' dir='ltr'>Dubitabat</span> <span class='ocrx_word' id='word_1_36' title='bbox 571 1189 740 1267; x_wconf 87' lang='lat' dir='ltr'>Wolfius,</span> <span class='ocrx_word' id='word_1_37' title='bbox 772 1212 815 1255; x_wconf 84' lang='lat' dir='ltr'>an</span> <span class='ocrx_word' id='word_1_38' title='bbox 842 1188 964 1255; x_wconf 82' lang='lat' dir='ltr'>Graece</span> <span class='ocrx_word' id='word_1_39' title='bbox 989 1189 1118 1255; x_wconf 90' lang='lat' dir='ltr'>dictum</span> <span class='ocrx_word' id='word_1_40' title='bbox 1146 1201 1226 1255; x_wconf 88' lang='lat' dir='ltr'>esset</span> <span class='ocrx_word' id='word_1_41' title='bbox 1248 1177 1281 1254; x_wconf 68' lang='grc' dir='ltr'>ἓν</span> <span class='ocrx_word' id='word_1_42' title='bbox 1315 1219 1317 1224; x_wconf 52' lang='lat'><em>2</em></span> 
     </span>
     <span class='ocr_line' id='line_1_6' title="bbox 152 1287 1279 1390; baseline 0.002 -23"><span class='ocrx_word' id='word_1_43' title='bbox 152 1292 306 1388; x_wconf 73' lang='grc' dir='ltr'>φιλότητι</span> <span class='ocrx_word' id='word_1_44' title='bbox 329 1287 540 1389; x_wconf 67' lang='grc' dir='ltr'><strong>Ἀφροδίτης.</strong></span> <span class='ocrx_word' id='word_1_45' title='bbox 562 1300 625 1366; x_wconf 89' lang='lat' dir='ltr'>Sed</span> <span class='ocrx_word' id='word_1_46' title='bbox 645 1312 734 1366; x_wconf 82' lang='lat' dir='ltr'>reate</span> <span class='ocrx_word' id='word_1_47' title='bbox 758 1301 947 1369; x_wconf 78' lang='lat' dir='ltr'>observavit</span> <span class='ocrx_word' id='word_1_48' title='bbox 962 1302 1174 1369; x_wconf 86' lang='lat' dir='ltr'>Muetzellius</span> <span class='ocrx_word' id='word_1_49' title='bbox 1186 1326 1221 1390; x_wconf 92' lang='lat' dir='ltr'>p.</span> <span class='ocrx_word' id='word_1_50' title='bbox 1237 1304 1279 1369; x_wconf 82' lang='lat'>43</span> 
     </span>
     <span class='ocr_line' id='line_1_7' title="bbox 118 1411 1279 1502; baseline 0 -22"><span class='ocrx_word' id='word_1_51' title='bbox 118 1422 120 1426; x_wconf 85' lang='grc'><strong>’</strong></span> <span class='ocrx_word' id='word_1_52' title='bbox 152 1437 229 1502; x_wconf 68' lang='lat' dir='ltr'>seq„</span> <span class='ocrx_word' id='word_1_53' title='bbox 250 1415 394 1480; x_wconf 82' lang='lat' dir='ltr'>eundem</span> <span class='ocrx_word' id='word_1_54' title='bbox 412 1436 478 1479; x_wconf 85' lang='lat' dir='ltr'>esse</span> <span class='ocrx_word' id='word_1_55' title='bbox 496 1435 629 1480; x_wconf 84' lang='lat' dir='ltr'>versum</span> <span class='ocrx_word' id='word_1_56' title='bbox 643 1413 682 1479; x_wconf 90' lang='lat' dir='ltr'>in</span> <span class='ocrx_word' id='word_1_57' title='bbox 701 1411 890 1501; x_wconf 83' lang='lat' dir='ltr'>fragmento</span> <span class='ocrx_word' id='word_1_58' title='bbox 910 1414 1044 1481; x_wconf 79' lang='lat' dir='ltr'>Hesiodi</span> <span class='ocrx_word' id='word_1_59' title='bbox 1059 1415 1147 1501; x_wconf 88' lang='lat' dir='ltr'>apud</span> <span class='ocrx_word' id='word_1_60' title='bbox 1167 1413 1279 1480; x_wconf 89' lang='lat' dir='ltr'>Schol.</span> 
     </span>
    </p>
   </div>
   <div class='ocr_carea' id='block_1_4' title="bbox 153 1525 510 1596">
    <p class='ocr_par' dir='ltr' id='par_1_4' title="bbox 153 1525 510 1596">
     <span class='ocr_line' id='line_1_8' title="bbox 153 1525 510 1596; baseline -0.006 -3"><span class='ocrx_word' id='word_1_61' title='bbox 153 1525 290 1593; x_wconf 85' lang='lat' dir='ltr'>Pindari</span> <span class='ocrx_word' id='word_1_62' title='bbox 312 1529 347 1595; x_wconf 89' lang='grc' dir='ltr'>Ρ.</span> <span class='ocrx_word' id='word_1_63' title='bbox 373 1528 430 1596; x_wconf 85' lang='lat' dir='ltr'>IV.</span> <span class='ocrx_word' id='word_1_64' title='bbox 456 1531 510 1593; x_wconf 76' lang='lat'>35.</span> 
     </span>
    </p>
   </div>
   <div class='ocr_carea' id='block_1_5' title="bbox 152 1723 1282 2066">
    <p class='ocr_par' dir='ltr' id='par_1_5' title="bbox 152 1723 1282 2066">
     <span class='ocr_line' id='line_1_9' title="bbox 198 1723 1279 1839; baseline -0.005 -18"><span class='ocrx_word' id='word_1_65' title='bbox 198 1723 233 1821; x_wconf 84' lang='lat' dir='ltr'>v.</span> <span class='ocrx_word' id='word_1_66' title='bbox 255 1755 330 1820; x_wconf 79' lang='lat' dir='ltr'>sor.</span> <span class='ocrx_word' id='word_1_67' title='bbox 363 1754 416 1820; x_wconf 72' lang='lat' dir='ltr'>Aa</span> <span class='ocrx_word' id='word_1_68' title='bbox 445 1742 996 1839; x_wconf 53' lang='lat' dir='ltr'>speciosissimusque</span> <span class='ocrx_word' id='word_1_69' title='bbox 1044 1750 1203 1817; x_wconf 67' lang='lat' dir='ltr'>Attamen</span> <span class='ocrx_word' id='word_1_70' title='bbox 1223 1774 1279 1816; x_wconf 74' lang='lat'>00-</span> 
     </span>
     <span class='ocr_line' id='line_1_10' title="bbox 152 1852 1282 1952; baseline -0.002 -23"><span class='ocrx_word' id='word_1_71' title='bbox 152 1865 238 1930; x_wconf 82' lang='lat' dir='ltr'>uisus</span> <span class='ocrx_word' id='word_1_72' title='bbox 269 1865 310 1931; x_wconf 95' lang='lat' dir='ltr'>ab</span> <span class='ocrx_word' id='word_1_73' title='bbox 338 1865 481 1931; x_wconf 84' lang='lat' dir='ltr'>Hercule</span> <span class='ocrx_word' id='word_1_74' title='bbox 511 1865 705 1952; x_wconf 73' lang='lat' dir='ltr'>Geryoneae</span> <span class='ocrx_word' id='word_1_75' title='bbox 733 1852 846 1950; x_wconf 76' lang='lat' dir='ltr'>aliquo</span> <span class='ocrx_word' id='word_1_76' title='bbox 870 1865 944 1928; x_wconf 87' lang='lat' dir='ltr'>iure</span> <span class='ocrx_word' id='word_1_77' title='bbox 966 1853 1098 1950; x_wconf 69' lang='grc' dir='ltr'>βροτοῖς</span> <span class='ocrx_word' id='word_1_78' title='bbox 1120 1864 1282 1929; x_wconf 78' lang='lat' dir='ltr'>accenseri</span> 
     </span>
     <span class='ocr_line' id='line_1_11' title="bbox 153 1978 276 2066; baseline -0.008 -22"><span class='ocrx_word' id='word_1_79' title='bbox 153 1978 276 2066; x_wconf 88' lang='lat' dir='ltr'>potuit.</span> 
     </span>
    </p>
   </div>
   <div class='ocr_carea' id='block_1_6' title="bbox 153 2191 1283 2403">
    <p class='ocr_par' dir='ltr' id='par_1_6' title="bbox 153 2191 1283 2403">
     <span class='ocr_line' id='line_1_12' title="bbox 198 2191 1283 2290; baseline -0.006 -19"><span class='ocrx_word' id='word_1_80' title='bbox 198 2204 305 2271; x_wconf 88' lang='lat' dir='ltr'>Versu</span> <span class='ocrx_word' id='word_1_81' title='bbox 324 2205 389 2268; x_wconf 82' lang='lat'>983</span> <span class='ocrx_word' id='word_1_82' title='bbox 401 2203 580 2290; x_wconf 80' lang='lat' dir='ltr'>&#39;synizesin</span> <span class='ocrx_word' id='word_1_83' title='bbox 598 2203 636 2267; x_wconf 90' lang='lat' dir='ltr'>in</span> <span class='ocrx_word' id='word_1_84' title='bbox 659 2191 746 2286; x_wconf 75' lang='grc' dir='ltr'><em>βοῶν</em></span> <span class='ocrx_word' id='word_1_85' title='bbox 768 2212 885 2265; x_wconf 89' lang='lat' dir='ltr'>tuetur</span> <span class='ocrx_word' id='word_1_86' title='bbox 907 2200 1102 2288; x_wconf 84' lang='lat' dir='ltr'>Spitznerus</span> <span class='ocrx_word' id='word_1_87' title='bbox 1121 2202 1162 2266; x_wconf 91' lang='lat' dir='ltr'>de</span> <span class='ocrx_word' id='word_1_88' title='bbox 1176 2201 1283 2267; x_wconf 84' lang='lat' dir='ltr'>Versu</span> 
     </span>
     <span class='ocr_line' id='line_1_13' title="bbox 153 2296 1279 2403; baseline -0.003 -21"><span class='ocrx_word' id='word_1_89' title='bbox 153 2315 292 2382; x_wconf 82' lang='lat' dir='ltr'>Heroico</span> <span class='ocrx_word' id='word_1_90' title='bbox 302 2338 336 2403; x_wconf 87' lang='lat' dir='ltr'>p.</span> <span class='ocrx_word' id='word_1_91' title='bbox 355 2317 432 2380; x_wconf 88' lang='grc'><strong>187.</strong></span> <span class='ocrx_word' id='word_1_92' title='bbox 443 2315 601 2402; x_wconf 85' lang='lat' dir='ltr'>exemplo</span> <span class='ocrx_word' id='word_1_93' title='bbox 612 2314 782 2381; x_wconf 81' lang='lat' dir='ltr'>similium</span> <span class='ocrx_word' id='word_1_94' title='bbox 793 2313 882 2399; x_wconf 88' lang='lat' dir='ltr'>apud</span> <span class='ocrx_word' id='word_1_95' title='bbox 896 2313 1078 2379; x_wconf 87' lang='lat' dir='ltr'>Hesiodum</span> <span class='ocrx_word' id='word_1_96' title='bbox 1086 2296 1188 2402; x_wconf 73' lang='grc' dir='ltr'><strong>Ἕργ.</strong></span> <span class='ocrx_word' id='word_1_97' title='bbox 1205 2315 1279 2380; x_wconf 82' lang='grc'><strong>492.</strong></span> 
     </span>
    </p>
   </div>
   <div class='ocr_carea' id='block_1_7' title="bbox 152 2425 1282 2630">
    <p class='ocr_par' dir='ltr' id='par_1_7' title="bbox 152 2425 1282 2630">
     <span class='ocr_line' id='line_1_14' title="bbox 153 2425 1282 2514; baseline -0.001 -21"><span class='ocrx_word' id='word_1_98' title='bbox 153 2431 228 2495; x_wconf 87' lang='grc'><strong>607.</strong></span> <span class='ocrx_word' id='word_1_99' title='bbox 265 2428 331 2496; x_wconf 89' lang='lat' dir='ltr'>Th.</span> <span class='ocrx_word' id='word_1_100' title='bbox 361 2430 415 2494; x_wconf 88' lang='grc'>28.</span> <span class='ocrx_word' id='word_1_101' title='bbox 446 2429 523 2494; x_wconf 89' lang='grc'><strong>283.</strong></span> <span class='ocrx_word' id='word_1_102' title='bbox 560 2425 659 2495; x_wconf 88' lang='lat' dir='ltr'>conf.</span> <span class='ocrx_word' id='word_1_103' title='bbox 683 2427 853 2492; x_wconf 81' lang='lat' dir='ltr'>Muetzell.</span> <span class='ocrx_word' id='word_1_104' title='bbox 877 2450 912 2514; x_wconf 88' lang='lat' dir='ltr'>p.</span> <span class='ocrx_word' id='word_1_105' title='bbox 937 2429 993 2496; x_wconf 87' lang='grc'>38.</span> <span class='ocrx_word' id='word_1_106' title='bbox 1037 2427 1159 2493; x_wconf 88' lang='lat' dir='ltr'>Malim</span> <span class='ocrx_word' id='word_1_107' title='bbox 1179 2429 1282 2493; x_wconf 87' lang='lat' dir='ltr'>etiam</span> 
     </span>
     <span class='ocr_line' id='line_1_15' title="bbox 152 2539 1282 2630; baseline -0.002 -23"><span class='ocrx_word' id='word_1_108' title='bbox 152 2564 211 2630; x_wconf 86' lang='lat' dir='ltr'>ego</span> <span class='ocrx_word' id='word_1_109' title='bbox 233 2540 401 2629; x_wconf 86' lang='lat' dir='ltr'>synizesin</span> <span class='ocrx_word' id='word_1_110' title='bbox 420 2541 476 2605; x_wconf 85' lang='lat' dir='ltr'>hic</span> <span class='ocrx_word' id='word_1_111' title='bbox 495 2540 690 2618; x_wconf 87' lang='lat' dir='ltr'>admittere,</span> <span class='ocrx_word' id='word_1_112' title='bbox 711 2562 813 2626; x_wconf 90' lang='lat' dir='ltr'>quam</span> <span class='ocrx_word' id='word_1_113' title='bbox 830 2562 908 2602; x_wconf 92' lang='lat' dir='ltr'>cum</span> <span class='ocrx_word' id='word_1_114' title='bbox 930 2539 1139 2629; x_wconf 87' lang='lat' dir='ltr'>Goettlingio</span> <span class='ocrx_word' id='word_1_115' title='bbox 1160 2553 1282 2605; x_wconf 88' lang='lat' dir='ltr'>statue·</span> 
     </span>
    </p>
   </div>
   <div class='ocr_carea' id='block_1_8' title="bbox 76 2641 1369 3001">
    <p class='ocr_par' dir='ltr' id='par_1_8' title="bbox 76 2641 1369 3001">
     <span class='ocr_line' id='line_1_16' title="bbox 76 2641 1369 2742; baseline -0.002 -22"><span class='ocrx_word' id='word_1_116' title='bbox 76 2726 82 2736; x_wconf 61' lang='lat'><strong>.</strong></span> <span class='ocrx_word' id='word_1_117' title='bbox 150 2677 205 2732; x_wconf 85' lang='lat' dir='ltr'>re,</span> <span class='ocrx_word' id='word_1_118' title='bbox 229 2675 295 2719; x_wconf 89' lang='lat' dir='ltr'>esse</span> <span class='ocrx_word' id='word_1_119' title='bbox 312 2652 503 2740; x_wconf 84' lang='lat' dir='ltr'>genitivum</span> <span class='ocrx_word' id='word_1_120' title='bbox 524 2652 579 2717; x_wconf 79' lang='lat' dir='ltr'>hic</span> <span class='ocrx_word' id='word_1_121' title='bbox 599 2654 769 2742; x_wconf 85' lang='lat' dir='ltr'>pluralem</span> <span class='ocrx_word' id='word_1_122' title='bbox 790 2641 862 2737; x_wconf 76' lang='grc' dir='ltr'>βῶν</span> <span class='ocrx_word' id='word_1_123' title='bbox 884 2653 1085 2741; x_wconf 85' lang='lat' dir='ltr'>asingulari</span> <span class='ocrx_word' id='word_1_124' title='bbox 1107 2643 1194 2737; x_wconf 73' lang='grc' dir='ltr'>βοῦ,</span> <span class='ocrx_word' id='word_1_125' title='bbox 1213 2677 1280 2741; x_wconf 94' lang='lat' dir='ltr'>quo</span> <span class='ocrx_word' id='word_1_126' title='bbox 1364 2689 1369 2699; x_wconf 88' lang='lat'><strong>·</strong></span> 
     </span>
     <span class='ocr_line' id='line_1_17' title="bbox 150 2763 1279 2854; baseline 0.001 -22"><span class='ocrx_word' id='word_1_127' title='bbox 150 2789 249 2833; x_wconf 85' lang='lat' dir='ltr'>usum</span> <span class='ocrx_word' id='word_1_128' title='bbox 273 2763 474 2853; x_wconf 88' lang='lat' dir='ltr'>Sophoclem</span> <span class='ocrx_word' id='word_1_129' title='bbox 496 2766 534 2830; x_wconf 89' lang='lat' dir='ltr'>in</span> <span class='ocrx_word' id='word_1_130' title='bbox 558 2765 680 2832; x_wconf 88' lang='lat' dir='ltr'>Inacho</span> <span class='ocrx_word' id='word_1_131' title='bbox 704 2778 844 2833; x_wconf 85' lang='lat' dir='ltr'>testatur</span> <span class='ocrx_word' id='word_1_132' title='bbox 867 2766 1011 2835; x_wconf 81' lang='lat' dir='ltr'>Antiatt.</span> <span class='ocrx_word' id='word_1_133' title='bbox 1033 2767 1122 2854; x_wconf 84' lang='lat' dir='ltr'>apud</span> <span class='ocrx_word' id='word_1_134' title='bbox 1141 2767 1279 2833; x_wconf 87' lang='lat' dir='ltr'>Bekker.</span> 
     </span>
     <span class='ocr_line' id='line_1_18' title="bbox 150 2878 528 3001; baseline -0.011 -55"><span class='ocrx_word' id='word_1_135' title='bbox 150 2880 273 2946; x_wconf 85' lang='lat' dir='ltr'>Aneod.</span> <span class='ocrx_word' id='word_1_136' title='bbox 298 2879 338 2945; x_wconf 95' lang='grc' dir='ltr'><strong>Τ.</strong></span> <span class='ocrx_word' id='word_1_137' title='bbox 361 2878 388 2943; x_wconf 95' lang='lat' dir='ltr'>I.</span> <span class='ocrx_word' id='word_1_138' title='bbox 414 2900 449 3001; x_wconf 66' lang='lat' dir='ltr'>p2</span> <span class='ocrx_word' id='word_1_139' title='bbox 473 2878 528 2942; x_wconf 80' lang='lat' dir='ltr'>ot.</span> 
     </span>
    </p>
   </div>
   <div class='ocr_carea' id='block_1_9' title="bbox 144 3102 1278 4434">
    <p class='ocr_par' dir='ltr' id='par_1_9' title="bbox 144 3102 1278 4434">
     <span class='ocr_line' id='line_1_19' title="bbox 191 3102 1278 3191; baseline 0.003 -21"><span class='ocrx_word' id='word_1_140' title='bbox 191 3128 225 3171; x_wconf 87' lang='lat' dir='ltr'>v.</span> <span class='ocrx_word' id='word_1_141' title='bbox 247 3106 314 3171; x_wconf 80' lang='grc'>984</span> <span class='ocrx_word' id='word_1_142' title='bbox 333 3126 398 3191; x_wconf 90' lang='lat' dir='ltr'>seq.</span> <span class='ocrx_word' id='word_1_143' title='bbox 423 3104 478 3169; x_wconf 86' lang='lat' dir='ltr'>Ex</span> <span class='ocrx_word' id='word_1_144' title='bbox 493 3103 624 3168; x_wconf 89' lang='lat' dir='ltr'>Aurora</span> <span class='ocrx_word' id='word_1_145' title='bbox 642 3115 676 3167; x_wconf 87' lang='lat' dir='ltr'>et</span> <span class='ocrx_word' id='word_1_146' title='bbox 696 3102 847 3169; x_wconf 80' lang='lat' dir='ltr'>Tithono</span> <span class='ocrx_word' id='word_1_147' title='bbox 858 3103 1018 3170; x_wconf 86' lang='lat' dir='ltr'>Memnon</span> <span class='ocrx_word' id='word_1_148' title='bbox 1031 3117 1065 3170; x_wconf 88' lang='lat' dir='ltr'>et</span> <span class='ocrx_word' id='word_1_149' title='bbox 1084 3107 1278 3173; x_wconf 78' lang='lat' dir='ltr'>Emathion.</span> 
     </span>
     <span class='ocr_line' id='line_1_20' title="bbox 148 3215 1278 3303; baseline -0.002 -20"><span class='ocrx_word' id='word_1_150' title='bbox 148 3218 316 3283; x_wconf 86' lang='lat' dir='ltr'>Auroram</span> <span class='ocrx_word' id='word_1_151' title='bbox 345 3215 489 3282; x_wconf 80' lang='lat' dir='ltr'>Tithoni</span> <span class='ocrx_word' id='word_1_152' title='bbox 515 3216 693 3303; x_wconf 87' lang='lat' dir='ltr'>coniugem</span> <span class='ocrx_word' id='word_1_153' title='bbox 720 3216 819 3301; x_wconf 82' lang='lat' dir='ltr'>norit</span> <span class='ocrx_word' id='word_1_154' title='bbox 853 3217 955 3282; x_wconf 87' lang='lat' dir='ltr'>etiam</span> <span class='ocrx_word' id='word_1_155' title='bbox 979 3219 1141 3283; x_wconf 87' lang='lat' dir='ltr'>Homerus</span> <span class='ocrx_word' id='word_1_156' title='bbox 1171 3220 1211 3284; x_wconf 92' lang='lat' dir='ltr'>ll.</span> <span class='ocrx_word' id='word_1_157' title='bbox 1235 3222 1278 3286; x_wconf 88' lang='lat' dir='ltr'>A.</span> 
     </span>
     <span class='ocr_line' id='line_1_21' title="bbox 150 3327 1278 3414; baseline 0.005 -21"><span class='ocrx_word' id='word_1_158' title='bbox 150 3332 183 3396; x_wconf 90' lang='grc'>1.</span> <span class='ocrx_word' id='word_1_159' title='bbox 199 3327 265 3396; x_wconf 82' lang='lat' dir='ltr'>od.</span> <span class='ocrx_word' id='word_1_160' title='bbox 284 3330 325 3395; x_wconf 90' lang='lat' dir='ltr'>E.</span> <span class='ocrx_word' id='word_1_161' title='bbox 354 3330 383 3393; x_wconf 90' lang='lat'>1.</span> <span class='ocrx_word' id='word_1_162' title='bbox 408 3328 449 3393; x_wconf 89' lang='grc' dir='ltr'>Η.</span> <span class='ocrx_word' id='word_1_163' title='bbox 470 3328 509 3392; x_wconf 91' lang='lat' dir='ltr'>in</span> <span class='ocrx_word' id='word_1_164' title='bbox 527 3328 612 3395; x_wconf 87' lang='lat' dir='ltr'>Ven.</span> <span class='ocrx_word' id='word_1_165' title='bbox 638 3328 704 3393; x_wconf 89' lang='grc'>219</span> <span class='ocrx_word' id='word_1_166' title='bbox 725 3350 812 3414; x_wconf 84' lang='lat' dir='ltr'>seqq.</span> <span class='ocrx_word' id='word_1_167' title='bbox 836 3329 1026 3399; x_wconf 89' lang='lat' dir='ltr'>Memnonis</span> <span class='ocrx_word' id='word_1_168' title='bbox 1048 3331 1140 3397; x_wconf 89' lang='lat' dir='ltr'>idem</span> <span class='ocrx_word' id='word_1_169' title='bbox 1158 3335 1278 3399; x_wconf 87' lang='lat' dir='ltr'>memi-</span> 
     </span>
     <span class='ocr_line' id='line_1_22' title="bbox 146 3439 1276 3527; baseline 0.005 -21"><span class='ocrx_word' id='word_1_170' title='bbox 146 3440 201 3506; x_wconf 85' lang='lat' dir='ltr'>nit</span> <span class='ocrx_word' id='word_1_171' title='bbox 226 3439 290 3508; x_wconf 89' lang='lat' dir='ltr'>Od.</span> <span class='ocrx_word' id='word_1_172' title='bbox 321 3442 363 3506; x_wconf 84' lang='lat' dir='ltr'>A.</span> <span class='ocrx_word' id='word_1_173' title='bbox 398 3441 472 3506; x_wconf 81' lang='grc'><strong>521.</strong></span> <span class='ocrx_word' id='word_1_174' title='bbox 508 3451 547 3504; x_wconf 87' lang='lat' dir='ltr'>ut</span> <span class='ocrx_word' id='word_1_175' title='bbox 576 3439 738 3519; x_wconf 88' lang='lat' dir='ltr'>heroum,</span> <span class='ocrx_word' id='word_1_176' title='bbox 773 3442 833 3527; x_wconf 92' lang='lat' dir='ltr'>qui</span> <span class='ocrx_word' id='word_1_177' title='bbox 868 3442 908 3506; x_wconf 92' lang='lat' dir='ltr'>ad</span> <span class='ocrx_word' id='word_1_178' title='bbox 922 3443 1070 3507; x_wconf 76' lang='lat' dir='ltr'>Troiam</span> <span class='ocrx_word' id='word_1_179' title='bbox 1096 3460 1276 3525; x_wconf 86' lang='lat' dir='ltr'>venerant,</span> 
     </span>
     <span class='ocr_line' id='line_1_23' title="bbox 144 3544 1277 3643; baseline 0.001 -24"><span class='ocrx_word' id='word_1_180' title='bbox 144 3553 385 3643; x_wconf 86' lang='lat' dir='ltr'>pulcherrimi.</span> <span class='ocrx_word' id='word_1_181' title='bbox 431 3544 704 3641; x_wconf 68' lang='lat' dir='ltr'>xmxonoporitv</span> <span class='ocrx_word' id='word_1_182' title='bbox 725 3575 804 3617; x_wconf 88' lang='lat' dir='ltr'>eum</span> <span class='ocrx_word' id='word_1_183' title='bbox 817 3554 901 3618; x_wconf 89' lang='lat' dir='ltr'>dicit</span> <span class='ocrx_word' id='word_1_184' title='bbox 923 3555 1092 3636; x_wconf 83' lang='lat' dir='ltr'>Hesiodus,</span> <span class='ocrx_word' id='word_1_185' title='bbox 1106 3558 1192 3625; x_wconf 87' lang='lat' dir='ltr'>item</span> <span class='ocrx_word' id='word_1_186' title='bbox 1206 3561 1277 3625; x_wconf 66' lang='lat' dir='ltr'>bel.</span> 
     </span>
     <span class='ocr_line' id='line_1_24' title="bbox 144 3666 1277 3756; baseline 0.004 -23"><span class='ocrx_word' id='word_1_187' title='bbox 144 3669 220 3733; x_wconf 90' lang='lat' dir='ltr'>lum</span> <span class='ocrx_word' id='word_1_188' title='bbox 238 3668 418 3756; x_wconf 84' lang='lat' dir='ltr'>respiciens</span> <span class='ocrx_word' id='word_1_189' title='bbox 440 3667 645 3745; x_wconf 90' lang='lat' dir='ltr'>Troianum,</span> <span class='ocrx_word' id='word_1_190' title='bbox 672 3666 710 3731; x_wconf 91' lang='lat' dir='ltr'>in</span> <span class='ocrx_word' id='word_1_191' title='bbox 732 3690 799 3754; x_wconf 92' lang='lat' dir='ltr'>quo</span> <span class='ocrx_word' id='word_1_192' title='bbox 818 3667 997 3746; x_wconf 86' lang='lat' dir='ltr'>Memnon,</span> <span class='ocrx_word' id='word_1_193' title='bbox 1013 3669 1127 3735; x_wconf 87' lang='lat' dir='ltr'>ductis</span> <span class='ocrx_word' id='word_1_194' title='bbox 1141 3671 1181 3735; x_wconf 86' lang='lat' dir='ltr'>ad</span> <span class='ocrx_word' id='word_1_195' title='bbox 1193 3673 1277 3737; x_wconf 77' lang='lat' dir='ltr'>Tro·</span> 
     </span>
     <span class='ocr_line' id='line_1_25' title="bbox 144 3781 1274 3870; baseline -0.001 -22"><span class='ocrx_word' id='word_1_196' title='bbox 144 3783 214 3848; x_wconf 75' lang='lat' dir='ltr'>iam</span> <span class='ocrx_word' id='word_1_197' title='bbox 239 3782 448 3870; x_wconf 82' lang='lat' dir='ltr'>Aethiopum</span> <span class='ocrx_word' id='word_1_198' title='bbox 466 3781 623 3861; x_wconf 84' lang='lat' dir='ltr'>auxiliis,</span> <span class='ocrx_word' id='word_1_199' title='bbox 649 3782 796 3847; x_wconf 80' lang='lat' dir='ltr'>Nestoris</span> <span class='ocrx_word' id='word_1_200' title='bbox 815 3781 929 3845; x_wconf 90' lang='lat' dir='ltr'>filium</span> <span class='ocrx_word' id='word_1_201' title='bbox 948 3782 1173 3849; x_wconf 85' lang='lat' dir='ltr'>Antilochum</span> <span class='ocrx_word' id='word_1_202' title='bbox 1186 3789 1274 3852; x_wconf 70' lang='lat' dir='ltr'>ocor.</span> 
     </span>
     <span class='ocr_line' id='line_1_26' title="bbox 144 3893 1273 3987; baseline 0.007 -29"><span class='ocrx_word' id='word_1_203' title='bbox 144 3893 213 3974; x_wconf 89' lang='lat' dir='ltr'>dit,</span> <span class='ocrx_word' id='word_1_204' title='bbox 234 3897 307 3985; x_wconf 89' lang='lat' dir='ltr'>ipse</span> <span class='ocrx_word' id='word_1_205' title='bbox 328 3907 442 3961; x_wconf 91' lang='lat' dir='ltr'>autem</span> <span class='ocrx_word' id='word_1_206' title='bbox 455 3894 580 3960; x_wconf 82' lang='lat' dir='ltr'>occisus</span> <span class='ocrx_word' id='word_1_207' title='bbox 593 3907 643 3960; x_wconf 87' lang='lat' dir='ltr'>est</span> <span class='ocrx_word' id='word_1_208' title='bbox 656 3894 697 3960; x_wconf 92' lang='lat' dir='ltr'>ab</span> <span class='ocrx_word' id='word_1_209' title='bbox 717 3894 863 3973; x_wconf 78' lang='lat' dir='ltr'>Achille,</span> <span class='ocrx_word' id='word_1_210' title='bbox 883 3895 972 3980; x_wconf 92' lang='lat' dir='ltr'>quod</span> <span class='ocrx_word' id='word_1_211' title='bbox 986 3896 1077 3960; x_wconf 90' lang='lat' dir='ltr'>inter</span> <span class='ocrx_word' id='word_1_212' title='bbox 1095 3899 1273 3987; x_wconf 81' lang='lat' dir='ltr'>praecipua</span> 
     </span>
     <span class='ocr_line' id='line_1_27' title="bbox 145 4005 1269 4100; baseline 0.004 -27"><span class='ocrx_word' id='word_1_213' title='bbox 145 4005 290 4076; x_wconf 84' lang='lat' dir='ltr'>Achillis</span> <span class='ocrx_word' id='word_1_214' title='bbox 312 4008 462 4075; x_wconf 85' lang='lat' dir='ltr'>facinora</span> <span class='ocrx_word' id='word_1_215' title='bbox 486 4008 663 4096; x_wconf 83' lang='lat' dir='ltr'>aliquoties</span> <span class='ocrx_word' id='word_1_216' title='bbox 683 4008 853 4096; x_wconf 85' lang='lat' dir='ltr'>praedicat</span> <span class='ocrx_word' id='word_1_217' title='bbox 874 4008 1046 4074; x_wconf 90' lang='lat' dir='ltr'>Pindarus.</span> <span class='ocrx_word' id='word_1_218' title='bbox 1071 4011 1151 4078; x_wconf 88' lang='lat' dir='ltr'>Vid.</span> <span class='ocrx_word' id='word_1_219' title='bbox 1167 4012 1269 4100; x_wconf 88' lang='lat' dir='ltr'>Pyth.</span> 
     </span>
     <span class='ocr_line' id='line_1_28' title="bbox 144 4119 1269 4209; baseline 0.004 -22"><span class='ocrx_word' id='word_1_220' title='bbox 144 4119 204 4189; x_wconf 86' lang='lat' dir='ltr'>VI.</span> <span class='ocrx_word' id='word_1_221' title='bbox 230 4122 282 4189; x_wconf 80' lang='lat'>41.</span> <span class='ocrx_word' id='word_1_222' title='bbox 307 4123 403 4190; x_wconf 91' lang='lat' dir='ltr'>Nem.</span> <span class='ocrx_word' id='word_1_223' title='bbox 427 4123 487 4192; x_wconf 90' lang='lat' dir='ltr'>VI.</span> <span class='ocrx_word' id='word_1_224' title='bbox 516 4124 559 4188; x_wconf 91' lang='grc'>83</span> <span class='ocrx_word' id='word_1_225' title='bbox 575 4144 662 4209; x_wconf 87' lang='lat' dir='ltr'>seqq.</span> <span class='ocrx_word' id='word_1_226' title='bbox 688 4122 807 4188; x_wconf 83' lang='lat' dir='ltr'>isthm.</span> <span class='ocrx_word' id='word_1_227' title='bbox 828 4123 870 4190; x_wconf 89' lang='lat' dir='ltr'>V.</span> <span class='ocrx_word' id='word_1_228' title='bbox 893 4123 947 4186; x_wconf 81' lang='lat' dir='ltr'>st.</span> <span class='ocrx_word' id='word_1_229' title='bbox 970 4122 1062 4189; x_wconf 86' lang='lat' dir='ltr'>VlII.</span> <span class='ocrx_word' id='word_1_230' title='bbox 1086 4126 1151 4204; x_wconf 71' lang='lat'>16„</span> <span class='ocrx_word' id='word_1_231' title='bbox 1178 4125 1269 4191; x_wconf 90' lang='lat' dir='ltr'>idem</span> 
     </span>
     <span class='ocr_line' id='line_1_29' title="bbox 144 4232 1269 4324; baseline 0.005 -25"><span class='ocrx_word' id='word_1_232' title='bbox 144 4232 293 4299; x_wconf 83' lang='lat' dir='ltr'>Aurorae</span> <span class='ocrx_word' id='word_1_233' title='bbox 312 4235 427 4324; x_wconf 80' lang='lat' dir='ltr'>filium</span> <span class='ocrx_word' id='word_1_234' title='bbox 451 4235 666 4301; x_wconf 84' lang='lat' dir='ltr'>Memnonem</span> <span class='ocrx_word' id='word_1_235' title='bbox 686 4245 823 4300; x_wconf 83' lang='lat' dir='ltr'>testatus</span> <span class='ocrx_word' id='word_1_236' title='bbox 842 4233 897 4301; x_wconf 84' lang='lat'>01.</span> <span class='ocrx_word' id='word_1_237' title='bbox 916 4235 959 4303; x_wconf 94' lang='lat' dir='ltr'>II.</span> <span class='ocrx_word' id='word_1_238' title='bbox 981 4237 1054 4304; x_wconf 81' lang='grc'><strong>118.</strong></span> <span class='ocrx_word' id='word_1_239' title='bbox 1074 4250 1107 4303; x_wconf 88' lang='lat' dir='ltr'>ot</span> <span class='ocrx_word' id='word_1_240' title='bbox 1124 4240 1269 4305; x_wconf 82' lang='lat' dir='ltr'>Priami-</span> 
     </span>
     <span class='ocr_line' id='line_1_30' title="bbox 144 4345 1269 4434; baseline 0.009 -23"><span class='ocrx_word' id='word_1_241' title='bbox 144 4345 196 4411; x_wconf 75' lang='lat' dir='ltr'>dis</span> <span class='ocrx_word' id='word_1_242' title='bbox 217 4359 396 4434; x_wconf 82' lang='lat' dir='ltr'>cognatum</span> <span class='ocrx_word' id='word_1_243' title='bbox 415 4349 510 4414; x_wconf 90' lang='lat' dir='ltr'>Nem.</span> <span class='ocrx_word' id='word_1_244' title='bbox 533 4348 594 4414; x_wconf 90' lang='lat' dir='ltr'>III.</span> <span class='ocrx_word' id='word_1_245' title='bbox 618 4350 691 4412; x_wconf 91' lang='lat'><strong>111.</strong></span> <span class='ocrx_word' id='word_1_246' title='bbox 740 4346 827 4414; x_wconf 86' lang='lat' dir='ltr'>Cum</span> <span class='ocrx_word' id='word_1_247' title='bbox 843 4347 1002 4414; x_wconf 88' lang='lat' dir='ltr'>Memnon</span> <span class='ocrx_word' id='word_1_248' title='bbox 1015 4351 1164 4419; x_wconf 88' lang='lat' dir='ltr'>Aurorae</span> <span class='ocrx_word' id='word_1_249' title='bbox 1176 4355 1269 4421; x_wconf 86' lang='lat' dir='ltr'>filius</span> 
     </span>
    </p>
   </div>
   <div class='ocr_carea' id='block_1_10' title="bbox 1050 4462 1248 4535">
    <p class='ocr_par' dir='ltr' id='par_1_10' title="bbox 1050 4462 1248 4535">
     <span class='ocr_line' id='line_1_31' title="bbox 1050 4462 1248 4535; baseline 0.005 -1"><span class='ocrx_word' id='word_1_250' title='bbox 1050 4462 1126 4535; x_wconf 75' lang='lat'>25*</span> <span class='ocrx_word' id='word_1_251' title='bbox 1246 4502 1248 4511; x_wconf 43' lang='lat' dir='ltr'>v</span> 
     </span>
    </p>
   </div>
   <div class='ocr_carea' id='block_1_11' title="bbox 0 0 1488 5209">
    <p class='ocr_par' dir='ltr' id='par_1_11' title="bbox 0 0 1488 5209">
     <span class='ocr_line' id='line_1_32' title="bbox 0 0 1488 5209; baseline 0 1"><span class='ocrx_word' id='word_1_252' title='bbox 0 0 1488 5209; x_wconf 95' lang='lat' dir='ltr'> </span> 
     </span>
    </p>
   </div>
  </div>
 </body>
</html>
