2967 5209
257 515 329 589 278
701 547 940 594 conuenientes

256 724 290 777 et
313 713 354 799 Ο.
376 717 416 782 ad
437 716 499 784 Od.
520 718 562 785 K.
592 720 665 783 139.
691 716 895 785 Conferatur
913 717 1015 783 etiam
1035 717 1162 803 egregie
1182 727 1380 783 correctusa

257 825 450 894 Muetzellio
473 853 506 918 Ρ.
537 832 610 899 476.
634 832 725 897 locus
749 830 915 897 Laetantii
937 829 1062 896 Placidi
1089 830 1130 895 ad
1150 828 1250 895 Statii
1274 830 1380 897 Theb.

257 937 315 1004 IV.
340 942 414 1006 482.
439 966 473 1030 p.
500 946 573 1011 188.
600 943 696 1011 Cruc.

152 1258 155 1263 ,
300 1186 332 1229 v.
359 1167 423 1235 413
445 1166 526 1230 citat
548 1167 659 1237 Schol.
685 1144 803 1255 Eurip.
829 1167 966 1255 Hippot.
993 1191 1023 1233 v.
1052 1169 1124 1233 146.
1151 1168 1226 1234 228.
1251 1167 1312 1232 ubi
1332 1180 1381 1232 ta·

256 1298 334 1343 rnen
357 1300 420 1365 pro
442 1269 534 1369 ἔχειν
556 1293 604 1345 est
627 1271 713 1369 ἔχει.

299 1524 331 1566 v.
359 1505 433 1569 414.
466 1496 522 1569 ὑπ’
558 1500 687 1593 οὐρανοῦ
710 1509 802 1573 varie
825 1528 975 1594 accepere
995 1507 1205 1593 Interpretes.
1251 1506 1378 1571 Reddi·

257 1624 330 1679 tum
360 1616 520 1703 stelligero
546 1627 580 1681 in
608 1619 694 1682 coelo
725 1642 744 1683 a
769 1619 945 1687 basileensi
967 1631 1000 1683 et
1029 1618 1190 1695 Graevio,
1216 1619 1379 1705 stelligero

252 1726 310 1788 rub
332 1729 419 1791 coelo
435 1730 492 1794 ab
514 1732 556 1801 D.
587 1731 722 1796 Heinsio
748 1743 781 1795 et
809 1733 848 1797 L.
874 1732 1024 1810 barlaeo,
1046 1731 1105 1819 qui
1132 1731 1172 1795 ad
1197 1731 1381 1797 hominum

251 1839 386 1903 cultum
409 1843 545 1921 retulit,
567 1844 726 1932 stelligero
752 1868 773 1907 a
799 1843 884 1906 coele
905 1843 1112 1931 probabilius
1135 1841 1176 1907 ab
1195 1842 1379 1920 Schmidio,

254 1951 408 2033 Krebeio,
433 1955 641 2037 Robinson0;
664 1957 825 2023 similiter
845 1957 887 2022 ab
907 1958 933 2025 Ι.
955 1956 995 2025 H.
1012 1957 1139 2035 Vossio,
1160 1978 1228 2021 vom
1253 1955 1381 2020 stereli-

253 2064 332 2128 chen
346 2067 493 2136 Htmmel.
518 2070 651 2135 Hecates
671 2093 798 2135 numen
815 2092 852 2134 ao
868 2070 1065 2158 potentiam,
1081 2081 1121 2135 ut
1136 2081 1225 2135 terra
1240 2079 1274 2133 et
1290 2090 1381 2133 mare

255 2180 299 2260 (v.
322 2178 431 2268 413.),
455 2183 504 2251 ita
523 2206 653 2272 quoque
671 2184 805 2248 eoelum
823 2182 1032 2269 stelligerum
1055 2181 1202 2269 agnovit.
1227 2180 1378 2250 Wolfius

252 2302 364 2361 autem
383 2274 443 2357 ’ὑπ’
473 2288 617 2381 Οὐρανοῦ
640 2296 688 2360 ita
706 2296 835 2361 dictum
859 2294 984 2372 voluit,
1009 2304 1047 2358 ut
1066 2315 1099 2359 v.
1121 2295 1197 2359 395.
1221 2282 1380 2379 ὑτδΚρὸ·

184 2440 187 2445 ’
251 2425 326 2487 rev,
355 2407 467 2494 itaque
494 2408 546 2469 ab'
563 2409 616 2473 vel
644 2408 701 2470 rub
729 2409 765 2469 V
759 2430 839 2471 rano
865 2430 995 2498 regnum
1021 2404 1188 2469 obtinente.
1235 2403 1317 2483 Sed,
1341 2415 1378 2468 ut

253 2518 401 2595 videtur,
433 2530 512 2584 nata
541 2531 590 2608 est
613 2519 732 2584 Hecate
753 2520 941 2605 imperante
970 2517 1039 2583 iam
1062 2515 1184 2585 Crono.
1231 2515 1330 2602 Quod
1350 2517 1376 2581 si

251 2630 437 2716 antiquitus
458 2631 572 2699 Lunae
596 2632 668 2699 rim
693 2654 730 2699 ac
754 2631 939 2718 potentiam
960 2630 1103 2697 Hecaten
1124 2629 1252 2707 dixere,
1273 2628 1377 2694 intel-

250 2741 370 2829 ligitur
386 2764 473 2822 sane,
490 2744 657 2829 quomodo
672 2742 837 2811 honorem
853 2764 931 2809 eum
944 2753 1041 2811 nacta
1056 2765 1121 2807 esse
1137 2743 1264 2809 dicitur
1277 2742 1377 2807 etiam

250 2880 268 2920 a
288 2857 380 2922 coelo
399 2857 568 2945 stelligero.

293 3107 348 3149 vv.
374 3086 552 3152 tle-tto
575 3084 713 3149 alterius
735 3083 935 3149 recensionis
957 3104 1033 3158 esse,
1057 3091 1191 3148 censent
1204 3080 1375 3147 Goettlin·
1454 3076 1455 3151 J

248 3196 322 3281 gius
342 3207 377 3260 et
394 3184 623 3272 Hermanno,
648 3207 724 3261 tum
745 3205 778 3258 et
797 3193 859 3261 ille
875 3193 991 3281 inepto
1004 3194 1076 3257 looo
1098 3191 1233 3278 positos,
1253 3192 1376 3280 quippe
1454 3206 1455 3209 ’

248 3305 437 3373 referendos
457 3321 533 3396 post
555 3332 588 3374 v.
610 3309 686 3374 428.
732 3308 821 3374 Mihi
849 3294 1008 3375 videntur
1027 3306 1142 3373 omnia
1163 3318 1240 3394 epte
1258 3308 1375 3373 cohaa·
1454 3346 1455 3363 ι

247 3442 330 3485 rere.
378 3421 437 3486 Ait
459 3425 574 3509 potita,
595 3422 642 3486 sic
661 3422 750 3509 apud
771 3442 886 3487 omnes
899 3420 982 3485 Deos
1002 3418 1204 3485 honoratam
1224 3442 1292 3486 esse
1311 3420 1373 3486 He·
1454 3460 1455 3463 =

246 3546 360 3613 caten,
385 3546 442 3612 ut,
462 3537 489 3598 si
516 3534 590 3620 quis
615 3534 798 3598 hominum
827 3554 918 3598 sacra
940 3531 1013 3599 Diis
1036 3522 1128 3599 narb
1153 3526 1247 3616 νόμον
1269 3530 1374 3598 facere

188 3716 191 3727 ,
247 3648 346 3726 velit,
380 3649 484 3715 simul
516 3649 659 3717 Hecaten
691 3647 844 3724 invocet,
874 3667 958 3731 quae
988 3645 1115 3712 scilicet
1143 3646 1308 3733 propitios
1341 3646 1373 3710 ei
1454 3712 1455 3717 ,

246 3764 329 3827 Deos
352 3764 468 3828 reddat
490 3774 626 3828 eeteros.
673 3760 785 3846 Neque
802 3770 866 3837 est,
886 3768 926 3821 ut
951 3780 1029 3821 cum
1048 3755 1198 3838 Wolfio,
1224 3756 1312 3840 quod
1332 3757 1372 3821 de
1454 3744 1455 3781 ³

245 3875 308 3938 illo
326 3897 420 3938 more
435 3873 574 3939 aliunde
589 3896 659 3937 non
676 3882 815 3948 constat,
832 3893 1018 3946 vereamur,
1038 3892 1080 3935 ne
1096 3852 1212 3955 poetae
1223 3867 1371 3955 Orphico

243 3985 427 4052 debeantur
447 3984 491 4049 'hi
518 4009 640 4052 versus.
689 3983 815 4049 Contra
844 3983 978 4048 videtur
1002 3981 1092 4046 mihi
1111 3981 1152 4045 de
1172 3980 1370 4067 antiquitate

243 4100 310 4163 loci
334 4100 387 4163 vel
410 4099 492 4162 hinc
515 4099 666 4164 maxime
687 4105 851 4173 constare,
875 4095 962 4179 quod
985 4104 1216 4159 memorantur
1239 4092 1294 4157 hic
1316 4115 1366 4164 ee,

242 4236 324 4301 quae
347 4220 459 4302 postea
483 4236 524 4277 ex
549 4236 610 4276 usn
635 4211 799 4275 abierunt,
