2967 5209
261 504 333 578 362
704 529 946 578 cominatus

198 757 207 775 ,
257 710 330 765 orta
352 697 433 763 hacc
452 698 584 786 religio,
605 685 783 787 praedictis
807 700 1003 765 nominibus
1017 699 1305 786 significaverint,
1325 699 1389 765 bo·
1455 702 1456 775 t

255 811 310 876 die
326 811 441 875 minus
461 812 579 898 liquet.
610 811 772 879 Veterum
795 812 931 898 quidem
951 812 1055 878 multi
1071 812 1269 900 Apollinem
1291 835 1386 877 nun-
1455 790 1456 839 ³

224 982 228 989 .
255 923 332 989 dem
365 945 402 988 ac
433 921 545 989 Solem
569 922 772 992 habuerunt.
796 924 874 993 Vid.
899 925 992 990 Plato
1019 925 1057 989 in
1084 922 1226 1010 Cratylo
1246 947 1282 1012 p.
1307 925 1385 989 405.

255 1035 325 1103 Cic.
354 1036 395 1100 de
416 1036 457 1102 N.
485 1036 526 1102 D.
554 1036 598 1102 ll.
628 1037 685 1101 27.
710 1037 771 1104 ΙΙΙ.
794 1038 849 1103 20.
879 1036 1050 1103 Cornutus
1075 1034 1117 1099 de
1137 1033 1178 1099 N.
1206 1034 1248 1099 D.
1274 1057 1303 1099 c.
1327 1035 1385 1099 32.

254 1149 390 1215 Pausan.
412 1147 488 1216 VII.
507 1149 561 1215 23.
586 1160 619 1214 et
638 1150 685 1215 sic
705 1149 743 1215 in
761 1149 932 1238 mysteriis
946 1146 1048 1213 fuisse
1065 1146 1243 1224 traditum,
1263 1147 1386 1213 diserte

253 1261 303 1327 ait
319 1260 509 1327 Heraclides
533 1284 568 1349 p.
591 1263 679 1340 atu,
704 1273 907 1350 possuntque
929 1261 970 1326 ad
995 1260 1083 1324 hanc
1107 1258 1305 1347 opinionem
1324 1260 1383 1324 fir-

171 1392 174 1401 '
251 1373 409 1441 mandam
428 1375 530 1440 etiam
553 1398 596 1441 ex
610 1375 857 1462 antiquioribus
876 1374 985 1462 politis
999 1383 1195 1462 argumenta
1211 1372 1294 1460 peti,
1311 1374 1381 1460 pri·

251 1510 326 1566 mo,
351 1488 441 1575 quod
470 1486 580 1554 mater
609 1488 767 1576 Apollini
794 1488 894 1554 datur
923 1476 1023 1566 Λητὼ
1048 1477 1295 1566 suaromton,
1318 1484 1380 1573 qul

171 1618 181 1627 ·
250 1622 331 1665 vero
358 1601 471 1666 simile
501 1600 637 1666 videtur
665 1600 804 1667 Noctem
830 1600 1017 1688 designari,
1048 1621 1182 1686 exque
1209 1595 1269 1665 Sol
1288 1612 1380 1664 ortus

249 1713 397 1791 dicatur,
432 1723 472 1776 ut
503 1711 643 1777 eNocte
667 1713 745 1777 Dias
775 1713 890 1801 (supra
921 1735 954 1779 v.
985 1712 1059 1780 124.
1089 1709 1189 1779 conf.
1225 1712 1317 1776 dicta
1340 1712 1380 1778 ad

249 1847 282 1892 v.
305 1822 417 1911 406.);
443 1823 580 1902 deinde,
613 1826 702 1910 quod
730 1826 855 1913 Apollo
880 1825 1004 1912 passim
1025 1813 1145 1909 Φοῖβος
1166 1825 1377 1912 appellatur,

199 2024 201 2030 Ι
248 1937 331 2002 item
364 1928 500 2007 ‘Esuris
531 1960 551 2001 a
583 1939 660 2003 telis
689 1939 788 2026 longe
816 1938 942 2017 missis,
973 1937 1096 2024 quibus
1122 1937 1200 2002 telis
1222 1936 1377 2024 mythico

248 2072 401 2117 sermone
418 2050 529 2115 radios
548 2050 742 2138 significari,
766 2049 939 2139 probabile
960 2051 1078 2138 utique
1098 2050 1140 2115 lit
1162 2073 1181 2114 e
1201 2049 1377 2114 notissimo

248 2165 386 2231 Homeri
402 2154 481 2229 loco·
496 2165 538 2234 ll.
557 2166 600 2233 A.
618 2167 670 2231 10.
697 2166 751 2231 ts.
776 2166 843 2244 52„
866 2187 928 2230 nec
942 2165 1057 2230 minus
1077 2186 1096 2229 e
1114 2163 1235 2231 Niobes
1254 2162 1375 2229 libem·

246 2303 326 2345 rum
341 2280 494 2359 historia,
516 2302 598 2367 quos
616 2292 707 2368 peste
727 2279 895 2345 absumtos
914 2281 963 2344 ait
980 2279 1155 2344 Pausanias
1173 2278 1233 2345 IX.
1255 2278 1316 2346 IV.
1332 2282 1374 2353 5..

246 2393 295 2458 ita
318 2405 358 2456 ut
378 2391 436 2459 Sol
459 2384 628 2458 ’Austros
649 2393 758 2457 dictus
780 2393 934 2458 videatur
956 2392 998 2457 ab
1017 2391 1164 2457 ardentis
1186 2392 1222 2457 vi
1239 2389 1376 2478 pestife-

246 2528 302 2584 ra,
332 2506 530 2592 praesertim
557 2505 727 2570 caniculae
747 2504 873 2569 diebus.
909 2502 1008 2572 Conf.
1034 2504 1075 2568 Il.
1099 2505 1142 2569 X.
1163 2507 1218 2569 31.
1266 2501 1372 2589 Quid,

246 2619 335 2704 quod
359 2628 392 2681 et
421 2615 605 2682 luciferum
636 2617 808 2704 Apollinis
840 2619 950 2682 telum
975 2628 1183 2682 memoratur
1211 2619 1251 2682 in
1271 2617 1374 2705 Argo·

246 2729 414 2794 nauticis?
436 2729 743 2816 Vid.Apollod.1.
766 2729 825 2797 ΙΧ.
849 2732 902 2795 26.
928 2734 947 2817 §
968 2732 1001 2794 2.
1024 2733 1056 2795 3.
1080 2730 1240 2817 Apollon.
1264 2729 1373 2796 Rbod.

248 2842 307 2910 IV.
339 2843 436 2908 1716.
482 2842 592 2907 Potest
617 2842 760 2928 denique
779 2844 819 2907 ad
847 2842 1027 2907 beneficam
1047 2840 1133 2907 Solis
1153 2843 1227 2906 vim
1242 2841 1374 2920 referri,

245 2956 333 3041 quod
355 2955 551 3043 Apollinem
572 2977 650 3019 cum
668 2955 839 3042 Nymphis
866 2954 1044 3020 Oceaninis
1067 2967 1100 3021 et
1118 2955 1235 3022 fluviis
1258 2943 1376 3042 deriput

246 3056 398 3153 κουρὶζειν
419 3067 634 3132 crediderunt
658 3067 771 3153 (supra
793 3091 826 3132 v.
847 3070 912 3133 346
931 3074 1049 3155 seqq.).
1087 3067 1186 3154 Quod
1203 3069 1233 3132 si
1252 3068 1375 3155 Apollo

245 3180 432 3265 antiquitus
451 3179 542 3244 idem
563 3201 600 3244 ac
618 3177 677 3244 Sol
697 3177 781 3257 fuit,
805 3190 1006 3267 consequens
1028 3172 1086 3260 est,
1101 3193 1143 3245 ut
1163 3181 1267 3245 etiam
1281 3202 1376 3245 soror

245 3292 316 3356 eius
336 3273 496 3376 ’Ἄρτεμις
526 3291 640 3355 eadem
667 3289 769 3356 fuisse
799 3316 836 3357 ac
860 3295 957 3359 Luna
977 3306 1168 3371 censeatur,
1195 3294 1285 3380 qucd
1309 3305 1374 3357 sta-

244 3414 348 3468 tuunt
375 3402 460 3466 item
488 3401 606 3470 Cicero
624 3416 657 3469 et
677 3402 848 3471 Cornutus
868 3408 908 3473 ll.
930 3430 997 3484 co,
1019 3405 1175 3494 favetque
1198 3407 1282 3471 huic
1302 3429 1373 3471 sen-

168 3526 171 3531 “
243 3517 368 3582 tentiae
393 3536 518 3580 nomen
545 3517 676 3604 ipsum,
706 3541 787 3582 cum
808 3509 849 3584 st
874 3508 1016 3606 ἀρτεμὲς
1037 3520 1190 3585 maxime
1215 3520 1256 3585 'in
1279 3520 1373 3585 Luna

243 3629 454 3709 observetur,
484 3629 571 3693 vices
602 3652 675 3693 suas
702 3630 911 3695 exactissime
937 3644 1100 3699 servante.
1146 3632 1370 3710 Favetitem,

241 3742 332 3830 quod
353 3730 531 3827 Φωσφὸρος
553 3753 587 3809 et
608 3733 819 3830 osanpo‘pcc
833 3744 1004 3810 colebatur
1018 3757 1052 3811 et
1065 3743 1282 3834 effingebatur
1295 3746 1372 3809 haec

233 3857 308 3922 ·Dea
333 3854 377 3944 (V
378 3856 424 3921 id.
447 3856 623 3922 Pausanias
641 3857 667 3923 I.
688 3859 742 3923 31.
762 3857 821 3924 VI.
848 3861 903 3923 31.
926 3858 1020 3924 VIII.
1042 3858 1085 3923 36
1104 3861 1194 3945 seq.)‚
1208 3857 1370 3945 quodque,

241 3980 281 4033 ut
304 3969 428 4057 Apollo
454 3961 590 4040 ‘Eunaia
603 3966 715 4042 ‚dictus
735 3981 800 4045 est,
822 3969 869 4035 sic
890 3971 982 4036 inter
997 3953 1155 4058 ’Ἄρτεμιν
1176 3981 1210 4036 et
1231 3960 1372 4044 Ἑκάτην

241 4083 366 4147 credita
387 4094 436 4147 ast
458 4082 662 4148 necessitudo
684 4082 888 4148 intercedere
910 4083 1001 4172 (vid.
1020 4082 1189 4149 Cornutus
1210 4106 1240 4148 c.
1267 4083 1320 4148 32.
1339 4091 1370 4144 et

242 4196 296 4260 34.
325 4195 462 4261 Pausan.
494 4195 520 4261 l.
547 4193 633 4281 43.),
657 4205 696 4259 ut
723 4196 807 4259 item
834 4177 1107 4294 interf'Apssfrcv
1136 4207 1170 4259 ct
1197 4188 1369 4280 Ἑκαέργην

245 4307 334 4397 (Vid.
365 4309 535 4374 Branchus
562 4307 711 4376 Milesius
740 4309 835 4397 apud
860 4308 967 4375 Clem.
998 4309 1096 4375 Alex.
1124 4306 1252 4381 Strom.
1269 4306 1309 4373 V.
1332 4327 1364 4391 p.
