2967 5209
212 506 255 551 ΧΧ
682 506 869 553 PRAEFATIO.

259 691 298 757 V
295 696 334 756 in
359 693 505 782 equidem
529 669 667 782 odorare
693 694 807 772 audeo,
821 696 919 783 sore,
936 703 974 758 nt
995 717 1079 783 qaae
1104 698 1139 758 in
1162 696 1221 759 illo
1243 693 1337 762 Gom·

211 823 373 886 montorio
404 829 521 886 eontra
549 823 765 887 inveteratam
790 824 859 887 iam
882 825 992 909 magis
1012 825 1185 911 magisque
1205 824 1338 909 opinio-

211 972 281 1030 nem
299 951 459 1037 defodis
477 957 514 1017 in
536 951 703 1019 Hesiodeo
723 957 870 1018 carmine
893 954 1217 1043 interpolationibus,
1238 953 1340 1040 deque

210 1083 318 1145 variis
356 1086 430 1147 eins
465 1083 708 1148 recensionibns
745 1082 931 1171 dimitam,
964 1083 1087 1146 maltos
1118 1081 1159 1145 ab
1189 1084 1340 1166 opinione
1436 1155 1441 1158 ³

209 1207 472 1286 illa,dednoant‚
496 1208 557 1273 sed
575 1220 681 1273 tamen
693 1206 851 1294 fnlnrnm
876 1230 993 1297 spero,
1010 1216 1055 1272 nt
1071 1229 1121 1271 me
1141 1207 1339 1272 dissentien-

210 1342 272 1399 tem
292 1335 333 1399 ab
354 1357 390 1399 se
418 1333 457 1399 V
454 1337 506 1399 iri
527 1333 627 1400 Docti
638 1336 778 1423 serant,
804 1342 899 1423 atque
919 1334 1001 1399 adeo
1021 1335 1214 1423 quibasdam
1234 1353 1338 1399 meum

208 1462 297 1527 iliad
327 1445 439 1526 vetera
477 1460 517 1526 V
514 1471 698 1550 eternmqne
734 1464 962 1526 anotom'tatem
1001 1461 1115 1526 tuendi
1153 1464 1339 1525 institutam

209 1591 356 1678 aliquam
374 1590 495 1655 habere
515 1589 671 1655 videatur
686 1616 710 1654 a
729 1592 873 1654 novitate
886 1591 1057 1675 gratiam,
1083 1610 1153 1652 enm
1176 1595 1264 1653 serie
1280 1608 1338 1651 no·

148 1766 154 1770 -
208 1739 280 1781 ram
301 1717 341 1781 id
353 1717 465 1781 videri
479 1716 611 1796 debeat,
624 1717 764 1805 pridem
788 1721 823 1779 in
852 1718 926 1780 alia
942 1705 1050 1780 omnia
1069 1715 1239 1804 digressis
1259 1736 1337 1778 ern·

209 1843 354 1908 ditornm
376 1840 541 1906 hominnm
552 1843 739 1931 plerisque.
840 1857 846 1875 ⁴
886 1819 888 1827 ,

136 2061 143 2070 1
253 1967 333 2035 Hae
352 1969 544 2060 profligata
572 1970 654 2034 mihi
681 1973 716 2034 in
743 1969 964 2058 Theogoniam
992 1991 1110 2060 opera,
1133 1992 1241 2059 porro
1264 1973 1339 2034 sine

210 2098 373 2165 dilatione
392 2122 442 2163 me
466 2098 635 2187 conferam
658 2101 707 2166 ad
728 2123 784 2178 ea,
811 2123 894 2189 qnae
912 2108 1045 2191 parata
1067 2099 1165 2166 habeo
1188 2102 1226 2162 in
1251 2099 1339 2163 reli-

143 2194 148 2212 *
209 2249 276 2315 qna
298 2224 446 2293 Hesiodi
462 2232 616 2294 earmina
638 2238 670 2294 et
680 2231 896 2318 fragmenta,
912 2232 990 2293 item
1002 2232 1075 2294 iam
1094 2227 1340 2293 aoaommodan-
1384 2318 1389 2322 „

211 2354 257 2419 da
285 2354 424 2420 editioni
429 2378 442 2433 ;
468 2357 613 2444 mihique
630 2359 797 2445 inprimis
813 2365 863 2421 ost
879 2360 914 2420 in
932 2360 1034 2433 notis,
1055 2362 1092 2418 nt
1100 2359 1228 2443 possim
1245 2354 1339 2418 dnn-

211 2492 310 2550 iaaat
330 2483 497 2550 Hesiodei
529 2485 700 2554 Carminis
719 2485 761 2551 de
787 2508 825 2551 re
852 2490 994 2562 rustica,
1015 2507 1078 2574 qno
1092 2485 1175 2548 mini
1188 2486 1339 2573 primum

211 2621 244 2678 et
270 2617 415 2679 manime
442 2614 682 2680 commendatus
704 2620 807 2703 poita
831 2613 925 2701 fiai,
956 2612 1132 2677 editionem
1159 2611 1338 2678 absolvere.

218 2736 323 2827 (inod,
341 2743 394 2808 vel
408 2744 480 2808 alia
500 2743 662 2833 deinceps,
682 2751 848 2807 conantem
866 2744 900 2806 si
918 2764 1008 2806 mors
1029 2743 1247 2831 ooonpaoerit,
1263 2763 1340 2830 spes

210 2869 298 2934 mihi
313 2870 494 2949 blanditor,
503 2869 597 2957 fore,
615 2878 652 2934 nt
666 2878 852 2959 propterea
874 2891 937 2934 non
944 2890 1091 2958 prorsas
1103 2871 1256 2957 perituri
1272 2871 1341 2932 sini

213 2996 342 3064 labores
360 3002 426 3065 mei
435 3048 444 3083 ‚
472 3000 533 3066 sed
557 3002 667 3065 amieo
687 3021 805 3064 manns
822 2998 909 3063 idem
928 3001 973 3061 iis
987 3000 1202 3087 praestitura
1222 2998 1270 3060 sit
1292 2998 1342 3084 of-

70 3139 73 3146 ’
133 3115 135 3120 ’
203 3122 338 3209 ficiam,
361 3126 450 3215 qnod
467 3129 541 3216 ipse
557 3128 719 3215 praestiti
733 3125 937 3191 Bosolrianis
955 3148 997 3190 ae
1018 3122 1246 3190 Santonianis.
1263 3119 1340 3188 Sor.

213 3250 466 3330 Amstelodami‚
478 3254 564 3340 ipsis
576 3251 746 3318 Kalendis
754 3251 983 3318 Decembribus
992 3258 1078 3317 anni
1086 3268 1339 3318 elolocccmll.
