2967 5209
457 490 489 536 ιιι
511 490 637 539 ursioni
657 491 872 539 annosorum
1040 470 1043 475 ’
1159 469 1229 545 tas

102 662 232 728 numen
257 663 294 727 in
313 664 434 750 primis
450 687 591 731 merum.
636 664 735 751 Quod
757 665 954 731 Plutarchus
980 666 1028 731 ait
1052 666 1093 731 da
1110 666 1225 733 Placit.

102 776 298 863 Philosoph.
317 777 343 843 I.
361 779 392 842 6.
411 800 445 865 p.
460 781 537 845 880.
560 777 599 845 C.
621 778 801 843 Hesiodum
821 780 992 845 volentem
1010 778 1131 866 genitis
1155 778 1228 845 Diis

98 901 233 976 patrem
243 889 396 955 invenire
407 889 508 979 (conf.
521 890 641 956 Herod.
654 890 696 956 ΙΙ.
704 913 732 956 o.
744 887 822 976 53.),
832 891 914 955 tales
920 888 1047 977 ipeisad
1054 889 1226 955 huncmo·

99 1001 184 1065 dum
204 1023 270 1064 esse
288 1014 519 1067 commentum
542 993 685 1074 Koidme
706 992 810 1090 Κρεῖὸν
839 1019 877 1066 τε
896 1022 927 1068 κ.
944 1005 1038 1085 mh,
1061 1004 1096 1069 id
1115 1004 1225 1071 hacte-

97 1136 164 1178 nus
191 1136 311 1178 verum
339 1114 516 1194 habeatur,
548 1128 588 1180 ut
612 1116 753 1182 licenter
772 1115 931 1181 Hesiodus
953 1127 1042 1180 certo
1064 1112 1132 1182 Ded
1154 1139 1226 1182 cer·

97 1239 175 1290 tum
193 1236 324 1315 patrem
348 1229 588 1316 adsignaverit,
613 1254 701 1309 non,
731 1241 774 1294 ut
793 1230 867 1317 ipse
887 1229 969 1294 haee
995 1228 1141 1293 Deorum
1165 1248 1227 1303 no*
1362 1280 1364 1285 -

97 1340 195 1404 mina
220 1352 278 1405 aut
297 1341 439 1407 numina
463 1355 683 1408 commentus.
697 1344 754 1408 sit.
800 1341 898 1428 Quod
919 1352 1031 1407 autem
1055 1350 1176 1407 omnes]
1187 1341 1227 1407 hi

97 1440 326 1540 antiquissimi
345 1453 402 1519 Dii
423 1452 464 1520 ab
481 1455 620 1521 Hesiodo
643 1455 738 1523 Coeli
760 1456 945 1542 Terraeque
966 1454 1068 1521 liberi
1092 1454 1225 1542 fingun-

97 1576 177 1642 tur,
200 1565 234 1629 id
249 1586 357 1652 neque
377 1566 569 1656 ipsumper
585 1591 618 1633 se
638 1567 821 1633 absurdum
841 1579 957 1647 estet,
981 1568 1011 1631 si
1030 1568 1168 1654 propius
1184 1567 1226 1631 ad

99 1676 311 1764 singulorum
340 1689 497 1743 naturam
534 1679 733 1768 respexeris,
766 1679 939 1744 commode
965 1678 1082 1764 utique
1104 1678 1143 1743 in
1161 1677 1227 1745 hoe

97 1811 202 1878 genus
221 1791 373 1857 retulisse
393 1794 527 1880 poetam
549 1792 637 1857 dieas
659 1804 736 1856 tum
758 1803 897 1857 naturae
919 1801 1029 1879 partes
1051 1801 1150 1877 atque
1174 1788 1228 1855 vi·

97 1925 150 1967 rea
172 1902 359 1982 Oceanum,
378 1905 529 1992 Tethyn,
556 1904 700 1985 Coeum,
722 1905 859 1984 Crium,
883 1905 1122 1993 Hyperionem,
1143 1904 1228 1969 Thi-

97 2037 173 2094 am,
198 2016 344 2095 Rheam,
370 2016 538 2096 Phoeben,
564 2016 737 2104 Cyclopes,
762 2017 988 2095 Centimanos‚
1002 2028 1078 2081 tum
1095 2016 1228 2081 coelesti

96 2128 230 2216 origine
255 2128 397 2195 virtutes
419 2128 584 2208 Themin,
604 2129 863 2217 Mnemosynen,
883 2140 959 2192 tum
972 2129 1116 2215 denique
1136 2129 1228 2194 Deu-

95 2241 265 2306 calioneae
299 2253 333 2305 et
364 2241 554 2307 Hellenicae
586 2241 702 2329 stirpis
736 2240 918 2306 hominum
954 2240 1227 2326 antiquissimum

96 2364 269 2418 auctorem
293 2351 454 2439 Iapetum.

142 2465 202 2529 Est
225 2456 377 2535 ’nnete
398 2466 558 2553 opinione
579 2465 715 2532 Hesiodi
736 2465 922 2532 fluviorum
938 2480 1033 2555 pater
1048 2468 1125 2558 (Th.
1136 2471 1227 2553 337.)

95 2588 197 2664 atque
226 2576 298 2664 ipse
326 2564 448 2657 τελῆεις
471 2567 622 2663 ardennae
638 2579 716 2668 (Th.
736 2579 943 2668 242.),cuius
963 2574 1075 2669 mma)
1096 2600 1228 2651 memus·

15 2680 16 2685 ἵ
95 2700 220 2755 rantur
233 2690 297 2756 Th.
312 2693 387 2758 282.
406 2693 528 2779 quique
542 2692 728 2758 fluviorum
743 2693 893 2781 epitheto
908 2681 1084 2780 βαθυδίνης
1101 2692 1228 2758 dieitur

95 2814 132 2868 at
153 2790 363 2890 βαθυρῥεὶτης
388 2786 654 2893 (''Epy.171.Th.
668 2806 771 2895 265.).
804 2807 917 2894 Itaque
931 2819 1046 2872 ortum
1066 2806 1229 2872 visushio

95 2916 202 2981 etiam
223 2915 324 2983 Coeld
343 2917 505 2998 debuisse,
526 2940 606 2982 oum
625 2941 719 2984 mare
737 2920 863 2984 salsum
887 2906 1073 3006 (neumae)
1095 2939 1139 2982 ex
1159 2916 1229 2981 sola

96 3029 204 3094 Terra
223 3029 411 3096 exstitisset.
439 3031 490 3096 Ad
513 3024 603 3094 Kotes
624 3054 725 3119 genus
739 3053 840 3095 suum
853 3031 1006 3104 retulisse
1024 3029 1118 3107 Coos,
1135 3029 1230 3093 decet

96 3142 178 3207 Tac.
190 3139 279 3206 Ann.
292 3141 369 3207 XII.
390 3143 444 3207 61.
467 3142 555 3207 Filia
567 3142 637 3213 eius
649 3144 776 3206 Latona
790 3141 960 3206 colebatur
974 3142 1062 3207 Deli.
1085 3140 1230 3209 Videtur

96 3254 184 3322 hino
200 3253 319 3341 Aegaei
337 3254 441 3320 maris
457 3253 577 3319 insulis
590 3254 729 3342 propria
748 3253 818 3318 eius
831 3253 961 3318 Titanis
975 3253 1094 3342 religio
1113 3252 1225 3333 fuisso·

15 3394 16 3397 ¹
98 3363 193 3440 Koios
213 3365 282 3431 diei
303 3367 417 3454 potuit
438 3368 493 3434 vel
516 3391 534 3433 a
556 3356 635 3450 κόω,
661 3358 740 3430 nec-‘u
762 3366 902 3454 intelligo
928 3365 1010 3456 (vid.
1034 3369 1152 3456 Etym.
1176 3368 1226 3435 M.

97 3484 139 3549 in
161 3484 228 3565 v.)‚
259 3480 313 3546 vel
336 3502 355 3543 a
377 3467 438 3543 ado
460 3493 587 3567 augeo,
617 3478 717 3544 uteo
739 3480 878 3545 nomine
899 3480 1063 3546 declarata
1087 3481 1132 3547 sit
1153 3493 1229 3547 tur-

15 3584 16 3611 ³
99 3618 180 3684 gens
201 3593 346 3660 Naturae
367 3592 408 3656 ad
427 3593 653 3679 generandum
674 3591 735 3659 vis.
771 3592 973 3658 Memoratus
990 3593 1228 3680 quidemn-Daue

100 3706 212 3773 sanias
241 3705 298 3774 IV.
328 3707 361 3770 6.
391 3703 516 3771 fluvius
538 3705 714 3772 Messeniae
747 3699 839 3775 Κοῖος
869 3727 990 3801 noman
1014 3705 1084 3770 nisi
1103 3705 1145 3773 ab
1165 3704 1229 3773 hoo

102 3820 243 3899 Titane,
266 3830 306 3883 ut
323 3818 522 3905 quibusdam
544 3818 666 3896 visum,
688 3829 777 3884 certe
798 3841 819 3883 a
836 3817 1153 3906 turgentibusaquis
1169 3817 1228 3885 ha-

103 3934 190 4001 buit.
237 3925 352 4020 Κρεῖος,
377 3954 395 3996 a
417 3931 506 4016 κρέω,
528 3931 636 3995 Deum
659 3930 862 4018 significavit
886 3929 1012 4007 eximie
1037 3938 1226 4017 potantem)

15 4064 16 4071 ¹
103 4042 310 4133 prinoipem,
338 4064 467 4130 regam,
499 4053 539 4106 ut
562 4044 647 4130 apud
671 4042 821 4110 Orientis
841 4043 984 4133 populos
1002 4042 1149 4109 Deorum
1166 4064 1228 4111 uo-

104 4158 200 4222 mina
221 4152 362 4222 fuerunt
379 4156 455 4234 Bel,
472 4154 622 4234 Moloch,
644 4155 723 4221 alia.
770 4154 888 4221 Tradit
909 4155 1084 4221 Pausanias
1103 4155 1181 4224 VH,
1198 4176 1227 4223 e.

107 4268 170 4335 ult
203 4267 322 4335 Crium
343 4268 486 4347 Achaiae
508 4267 655 4333 fluvium
681 4268 723 4335 ab
748 4270 814 4335 hoo
833 4269 952 4335 Titane
969 4268 1110 4337 «dictum
1127 4268 1226 4348 teni,

15 4372 16 4385 ¹
1040 4378 1086 4453 13
