2967 5209
479 549 509 594 ιιι
534 547 657 596 assiam
682 548 896 596 τιιιιοιοιιιιιι.
1181 522 1250 597 291

124 743 227 810 quam
250 722 324 787 llex
347 718 453 786 faetus
475 722 577 787 etiam
599 743 742 787 uxorem
765 722 879 787 duxit.
904 719 1003 787 Conf.
1028 719 1120 786 infra
1135 745 1168 789 v.
1185 725 1252 790 880

122 856 210 921 seqq.
257 832 361 911 Sane,
385 856 465 898 cum
487 856 561 898 snos
587 833 709 900 liberos
731 833 914 901 evomuisse
935 834 1044 927 dictus
1065 845 1146 900 esset
1168 834 1252 902 Cro·

122 971 201 1027 nus,
236 946 336 1013 facile
363 971 401 1013 eo
429 949 609 1015 deventum
632 961 695 1027 est,
723 961 763 1012 ut
783 950 950 1016 diceretur
972 950 1013 1015 ad
1035 949 1100 1014 hoc
1120 962 1250 1023 mactus

122 1058 223 1127 fuisse
245 1049 425 1148 φαρμακῷ.

129 1338 133 1349 .
166 1298 204 1356 v.
226 1290 288 1355 492
320 1300 354 1353 et
380 1301 548 1376 sequentes
568 1309 691 1353 novem
715 1287 908 1354 subdititiae
925 1289 1054 1355 censuit
1076 1289 1246 1379 Guyetus,
1322 1302 1328 1311 ’

119 1402 255 1467 uncinis
282 1403 421 1468 inclusit
451 1400 620 1481 Wollius,
650 1402 746 1466 cuius
780 1399 861 1466 facti
891 1413 1004 1468 tamen
1034 1424 1113 1468 eum
1135 1415 1246 1492 postea

118 1515 320 1604 poenituit·
347 1516 445 1581 Facio
466 1516 632 1603 equidem
661 1537 740 1580 cum
768 1514 916 1603 Heynio,
952 1515 1059 1582 abesse
1089 1516 1186 1596 illos,
1218 1516 1247 1582 si

119 1627 322 1694 narrationis
339 1627 494 1695 ordinem
512 1640 645 1717 spectes,
668 1650 738 1694 non
751 1651 843 1716 posse
863 1627 1035 1695 arbitrato.
1074 1628 1114 1694 ln
1131 1630 1246 1696 eodem

117 1753 233 1807 autem
263 1741 327 1806 hoc
356 1741 427 1806 loco
454 1738 616 1829 quaedam
639 1740 800 1806 excidisse
824 1742 943 1807 statuit
969 1753 1045 1829 post
1073 1741 1245 1812 Wolfium

116 1852 287 1918 Muetaell.
314 1874 348 1939 p.
377 1854 442 1919 479
460 1874 546 1940 seqq.
567 1853 611 1918 ob
635 1854 723 1919 locos
740 1853 890 1919 Platonis
905 1854 947 1918 de
968 1854 1113 1943 Republ.
1132 1877 1166 1943 p.
1180 1859 1246 1922 077

116 1986 183 2054 seq.
210 1965 407 2054 Euthyphr.
430 1966 543 2045 initio,
567 1967 709 2032 Luciani
729 1965 863 2032 Saturn.
880 1988 909 2031 c.
932 1970 963 2033 5.
985 1968 1103 2033 Dionis
1119 1967 1243 2057 Chrys.
1294 2056 1296 2061 Α

116 2079 143 2146 Ι.
159 2101 194 2167 p.
217 2080 306 2157 443,
327 2077 603 2156 memorantium,
626 2079 667 2143 ah
687 2078 828 2144 Hesiodo
843 2092 877 2145 et
894 2078 1044 2147 Homero
1062 2082 1151 2146 uadi
1163 2082 1245 2148 vin-

115 2202 210 2257 ctum
230 2215 249 2258 a
266 2192 343 2256 filio
361 2189 513 2257 Cronum
534 2190 763 2276 deiectumque
775 2190 814 2256 in
826 2192 1006 2257 Tartarum
1022 2190 1132 2259 fnisse.
1157 2193 1247 2259 Mihi

114 2327 205 2371 secus
221 2304 366 2372 videtur.
413 2302 611 2391 Respiciunt
629 2304 788 2371 Auctores
805 2304 900 2370 citati
919 2327 989 2371 non
1008 2304 1101 2371 hunc
1117 2307 1242 2385 locum,

115 2419 171 2484 sed
199 2416 294 2483 infra
314 2440 347 2483 v.
373 2419 438 2483 716
459 2437 559 2503 seqq„
581 2416 642 2481 ubi
663 2416 772 2481 vincti
796 2417 981 2504 delectique
1001 2417 1039 2483 in
1063 2418 1245 2484 Tartarum
1325 2506 1327 2511 Ι

115 2531 253 2597 Titanes
267 2528 510 2606 memorantur,
523 2550 721 2614 versumque
738 2531 815 2609 850,
827 2528 886 2594 nbi
898 2541 1131 2596 memorantur
1140 2530 1244 2601 iidem

116 2631 367 2732 ὑποταρτάριοι,Ι
392 2634 501 2731 Κρόνον
526 2630 640 2727 ἀμφὶς
663 2628 781 2725 ἐόντες,
804 2654 837 2735 et
852 2642 906 2708 his
926 2665 1088 2732 congruos
1105 2643 1245 2711 Homeri

113 2758 204 2824 locos
229 2756 270 2822 ll.
291 2755 333 2823 0.
355 2758 419 2823 479
444 2778 510 2845 seq.
533 2758 569 2822 Ξ.
594 2757 657 2823 207
677 2778 742 2842 seq.
764 2754 807 2822 O.
830 2757 918 2835 225,
940 2755 999 2821 ubi
1017 2758 1101 2822 item
1121 2758 1245 2823 diserta¹

114 2869 157 2935 fit
178 2869 285 2938 Cmni
307 2870 344 2934 in
367 2870 548 2935 Tartarum
570 2869 690 2935 deiecti
712 2868 919 2953 sedentisque
939 2867 990 2932 ibi
1011 2868 1152 2934 mentio.

160 3116 216 3163 vv.
233 3095 421 3162 tet-500.
443 3093 550 3181 Prope
569 3093 737 3180 templum
749 3090 953 3178 Delphicum
971 3090 1244 3160 adscendentibus
1362 3104 1367 3119 '

112 3207 194 3275 inde
211 3205 444 3273 ostendebatur
465 3204 552 3293 lapis
571 3226 640 3269 non
661 3225 819 3290 magnus,
840 3223 940 3289 quem
960 3203 1101 3291 singulis
1115 3203 1240 3286 diebus,

112 3320 265 3388 maxime
297 3332 408 3386 autem
436 3319 550 3398 festis,
580 3318 654 3383 oleo
678 3317 823 3405 perungi
844 3318 986 3404 lanaque
1008 3318 1115 3391 velari
1136 3322 1251 3393 moris.

112 3445 195 3502 erat.
241 3433 386 3500 Narrans
403 3432 440 3499 id
457 3430 631 3500 Pausanias
652 3430 695 3496 X.
720 3429 775 3497 24.
798 3427 902 3506 addit,
927 3429 1122 3516 opinionem
1144 3431 1241 3498 inva-

112 3546 231 3626 luisse,
256 3546 349 3611 hune
370 3567 436 3610 esse
457 3544 616 3633 lapidem,
639 3542 699 3630 qui
713 3542 810 3607 datus
825 3540 937 3608 Crono
952 3538 1058 3607 fuerit
1071 3565 1134 3631 pro
1152 3543 1237 3625 filio,

111 3680 277 3749 quemque
297 3660 360 3726 ille
380 3680 516 3724 rursum
535 3656 733 3723 evomuerit.
780 3654 942 3742 Lapidem
963 3653 1056 3720 hunc
1072 3678 1091 3721 a
1105 3655 1240 3723 Graecis

111 3770 321 3864 appellatum
344 3770 447 3837 fuisse
460 3761 638 3856 βαιτυλδν,
653 3769 794 3834 tradunt
806 3766 991 3854 Hesychius
1005 3779 1039 3833 et
1059 3768 1175 3855 Etym.
1187 3769 1243 3836 M.-

110 3887 150 3954 in
169 3909 202 3954 r.
225 3909 287 3953 nec
311 3909 380 3952 non
401 3883 588 3950 Priscianus
610 3881 699 3971 apud
720 3878 917 3946 Putschium
935 3901 969 3967 p.
989 3880 1065 3946 647.
1091 3891 1179 3946 extr.
1201 3894 1235 3947 et

112 3978 196 4068 ⁷47.
212 4000 264 4068 14.
312 3998 410 4068 Certe
430 3997 517 4085 lapis
537 3993 639 4061 fuisse
653 3994 788 4062 videtur
809 4015 827 4059 e
845 4014 963 4081 genere
984 3981 1163 4077 ssmwhe'u
1185 3995 1234 4060 ita

109 4114 279 4204 quondam
302 4113 390 4203 apud
411 4110 560 4199 Delphos
581 4131 625 4175 ex
645 4109 737 4174 coelo
760 4108 888 4194 lapsus,
916 4116 957 4169 ut
977 4104 1035 4170 illi
1056 4105 1094 4170 in
1115 4103 1231 4195 Syria,

109 4248 256 4315 quornm
277 4226 438 4293 meminit
458 4222 649 4292 Damascius
670 4221 759 4311 apud
781 4219 941 4286 Photium
960 4242 994 4308 p.
1014 4220 1112 4286 1002.
1150 4221 1231 4303 Hoc,

110 4351 151 4406 ut
173 4339 301 4429 priscae
319 4338 478 4426 religioni
496 4334 748 4425 Delphensium,
764 4334 812 4399 ita
831 4334 945 4399 locum
958 4331 1083 4398 dedisse
1102 4331 1237 4415 fabulae

1016 4443 1092 4516 19*
