2967 5209
659 491 921 560 aaronor
963 577 966 581 .

378 681 522 771 Πασιθέη
547 683 591 773 τ’,
615 677 735 778 Ἐρατώ
756 707 793 780 σε
814 681 871 754 καὶ
891 679 1017 766 Εὑνεόηη
1042 675 1244 777 ῥοδόπηχυς,

383 809 438 881 καὶ
461 806 589 892 Μελίτη
614 804 786 903 χαρίεσσα
811 803 867 875 καὶ
890 801 1048 896 Εὐλιμένη
1072 802 1130 875 καὶ
1154 800 1299 899 Ἀγανη,

380 927 480 1004 Δωτώ
502 956 557 1019 σε,
583 922 783 1023 liparen,
809 920 957 1020 Φέρουσά
983 950 1040 1014 σε,
1063 930 1230 1018 Δυναμένη
1254 950 1306 1013 σε,

270 1075 273 1082 “
335 1089 340 1096 ’
379 1055 508 1143 Νησαίη
529 1079 567 1126 σε
586 1051 643 1125 καὶ
662 1046 801 1140 Ἀκταίη
825 1048 881 1119 καὶ
908 1042 1154 1142 Πρωτομέόενα,

286 1176 358 1249 250
383 1154 482 1273 Δωρὶν
507 1175 564 1248 καὶ
584 1171 719 1259 Πανόπη
740 1172 797 1243 καὶ
825 1166 942 1258 dedic
964 1164 1148 1258 Γαλάτεια,

628 1374 761 1424 VARIAE
782 1372 978 1421 LECTIONES.

237 1517 356 1571 demeret,
373 1509 559 1574 Κνμασσλῆηην
578 1526 627 1560 non
644 1523 717 1559 unam
730 1524 784 1558 esse
821 1510 875 1556 XX.
889 1511 914 1556 l.
926 1523 955 1557 ac
964 1510 1101 1570 nuperrime
1110 1509 1249 1556 Hermanno
1257 1508 1283 1555 in
1291 1507 1369 1556 Gens.

238 1598 332 1646 censuit
348 1598 493 1655 Nereidum,
513 1598 555 1644 sed
571 1598 647 1643 Deam
663 1594 784 1655 quandam
821 1594 910 1641 Goettl.
931 1593 978 1641 Sed
986 1608 1030 1654 pro
1040 1595 1137 1653 vulgata
1144 1592 1379 1656 lacitCoddmmni„

238 1684 397 1739 maritimam,
418 1684 486 1732 cuius
505 1696 594 1730 munus
608 1679 680 1727 fuerit
698 1679 785 1726 ductus
821 1692 863 1724 um
877 1680 1008 1726 auctoritas
1026 1686 1050 1726 et
1065 1667 1103 1726 est
1117 1675 1218 1734 Εὐνείκη
1228 1673 1370 1739 ῥοδόπηχυς

238 1767 349 1814 sedandi.
378 1763 425 1814 Sed
436 1769 476 1816 vix
489 1767 574 1815 credas
588 1765 613 1812 in
623 1767 668 1812 hoc
677 1762 785 1810 carmine
819 1758 1032 1824 hlopa‘quqidoc
1045 1764 1109 1826 apud
1124 1765 1202 1826 Etym.
1217 1764 1250 1810 ld.
1264 1780 1290 1824 p.
1302 1764 1368 1811 955.

239 1851 345 1912 potuisse
364 1831 549 1900 commemorari
568 1851 657 1905 Deam,
675 1861 722 1895 noc
737 1847 786 1894 dici
822 1852 955 1910 atquem
970 1851 1026 1898 vide
1043 1852 1116 1898 etiam
1133 1866 1159 1912 p.
1178 1851 1241 1899 ato.
1259 1851 1302 1898 te.
1321 1864 1370 1898 nec

239 1936 304 1984 unde
326 1943 400 1984 esset·
442 1938 500 1984 Aliis
521 1930 653 1995 maurovila
678 1947 702 1980 V·
722 1932 785 1979 262·
821 1936 1152 1983 nonPseudo-Herodlanum
1167 1936 1320 1997 Epimerism.
1339 1952 1366 1998 p.

239 2034 288 2069 non
311 2035 401 2071 nomen
425 2024 503 2070 risum
526 2030 576 2077 est,
601 2019 644 2067 sed
661 2019 786 2080 epitheton
822 2020 921 2066 2211.
937 2019 1257 2080 Abhonestanarigantium
1266 2028 1371 2068 conten·

240 2106 347 2169 Προνόης
356 2123 381 2156 v.
392 2108 454 2157 261.
468 2109 507 2156 cui
518 2106 654 2154 sententiae
664 2106 721 2154 item
732 2104 785 2150 iure
821 2105 887 2152 tione
901 2112 926 2151 et
942 2105 1102 2151 aemulatione
1119 2104 1153 2153 sic
1163 2097 1252 2151 dicium
1261 2104 1371 2152 Nereida
1383 2145 1388 2153 .

239 2194 316 2240 multa
346 2192 455 2241 obiicias.
503 2190 642 2239 Muetzellio
666 2175 786 2236 demenda
822 2186 888 2237 recte
903 2190 951 2236 iam
970 2190 1000 2235 L.
1015 2191 1131 2236 Barlaeus
1148 2190 1252 2237 censuit.
1288 2188 1369 2237 Cous.

240 2276 334 2337 Πρωτὼ
350 2278 474 2325 rideturc
492 2292 518 2325 v.
539 2276 601 2323 248.
636 2273 704 2322 Cani.
722 2273 786 2320 inira
822 2275 919 2322 omnino
935 2273 1057 2320 linctzell.
1075 2259 1149 2333 psat
1170 2286 1222 2332 seq.

239 2365 323 2409 notata
337 2362 368 2409 ad
380 2362 434 2409 illos
449 2375 543 2408 versus.
572 2359 691 2419 Equidem
705 2358 786 2420 potius
857 2372 893 2405 vs.
913 2350 974 2404 247.
999 2353 1121 2417 Εὐμελίνη
1135 2359 1199 2405 Flor.
1216 2358 1245 2404 E.
1260 2351 1372 2417 Ἀγαβη

240 2446 335 2504 dicam,
364 2436 406 2494 ub'i
432 2445 560 2493 Veteribus
591 2444 784 2504 quinquaginta,
821 2443 876 2489 Vat.
1287 2483 1290 2488 .

240 2537 347 2585 centum,
367 2530 434 2578 mille
450 2536 623 2585 memorentur,
646 2542 694 2576 non
716 2528 786 2574 nimis
856 2540 894 2573 vs.
914 2526 977 2573 248.
1007 2528 1101 2587 Πρωτὼ
1131 2528 1170 2575 hic
1194 2534 1248 2588 post
1273 2525 1369 2572 Bened.

240 2615 285 2661 hos
297 2615 442 2675 premendos
454 2628 508 2662 esse
517 2626 641 2662 numeros.
661 2613 786 2671 Argonau-
822 2610 923 2670 Aegium
933 2612 997 2672 apud
1005 2613 1092 2660 Thom.
1103 2613 1204 2660 Galeum
1214 2611 1244 2657 ad
1253 2609 1369 2670 Apollod.

239 2704 280 2745 tae
294 2698 393 2757 quidem
407 2711 463 2746 cum
476 2697 650 2759 quinquaginta
666 2697 737 2755 vulgo
752 2696 786 2744 se·
822 2711 847 2757 p.
871 2698 897 2744 6.
922 2699 955 2744 18
976 2705 1001 2745 et
1024 2700 1112 2746 Lilium
1133 2697 1264 2760 Gyraldum
1285 2694 1318 2746 Η.
1338 2694 1370 2741 l).

240 2792 335 2841 rantur,
353 2784 418 2844 apud
432 2783 545 2845 Apollon.
561 2782 640 2829 Rhod.
650 2782 673 2828 l.
683 2789 787 2841 quatuor
822 2798 848 2845 p.
866 2785 926 2830 ltl.
945 2784 974 2830 E.
990 2785 1072 2831 maltis
1087 2784 1230 2832 mutandum
1245 2782 1322 2828 visum
1332 2788 1373 2827 est

240 2877 265 2916 et
278 2869 453 2929 quinquaginta
465 2875 623 2916 necennentur
636 2875 661 2914 et
673 2874 710 2914 est
724 2866 788 2913 alius
823 2869 847 2916 in
853 2865 1084 2931 namedltecipere
1092 2865 1371 2916 BoissonmaluitGrae·
1468 2881 1469 2898 ³

240 2953 305 3014 apud
327 2954 387 3001 alios
409 2968 536 3001 numerus.
567 2951 636 3000 Gons.
658 2952 737 3014 Heyn.
756 2952 788 2999 ad
823 2950 1373 3015 viauumilpavro‘r.Possitetiamcorrigendum

240 3037 353 3098 Apollod.
367 3038 389 3086 1.
404 3052 440 3086 rx.
453 3038 496 3085 16.
507 3051 537 3085 ac
552 3037 664 3086 similiter
677 3038 702 3083 in
716 3037 786 3097 quin·
821 3041 898 3090 videri
916 3038 1013 3102 Πρσόση
1028 3057 1068 3098 τε.
1088 3041 1153 3097 Sed,
1169 3053 1224 3087 cum
1237 3051 1324 3085 versus
1337 3040 1373 3085 ah

241 3123 355 3181 quaginta
373 3111 477 3182 liliorum
493 3123 584 3170 Thestii
600 3136 703 3170 recensu
722 3123 787 3183 apud
822 3127 886 3173 omni
896 3136 965 3187 parte
972 3126 1099 3175 conveniat
1108 3124 1237 3171 Homerico
1246 3122 1371 3170 lima.

241 3204 353 3266 Apollod.
373 3207 395 3254 l.
413 3221 456 3255 ru.
471 3207 497 3254 8.
515 3221 624 3254 numerus
639 3222 686 3255 non
703 3217 739 3254 ert
756 3210 789 3256 od
822 3225 871 3258 non
881 3212 931 3258 sine
941 3213 1024 3270 aliqua
1036 3210 1087 3257 veri
1100 3208 1179 3269 specie
1189 3207 1324 3268 suspicatus
1333 3216 1374 3255 est

240 3294 361 3347 amussim,
372 3300 398 3339 ατ
406 3306 478 3352 neque
485 3304 536 3338 oum
544 3292 640 3338 dicimus
646 3294 708 3340 mille
716 3307 787 3341 nauca
822 3296 946 3343 Muetzell.
956 3311 982 3355 p.
993 3297 1055 3342 455.
1065 3295 1202 3354 importuna
1209 3307 1295 3340 versus
1304 3293 1374 3341 illius

240 3376 785 3432 iiooeadTroiammtaitllarrodeli.R.ll.ll.
822 3381 989 3428 recordatione
1007 3379 1117 3425 vitiatum
1135 3390 1189 3424 esse
1207 3377 1372 3434 Hesiodeum,

277 3475 302 3507 v.
313 3460 363 3508 246
377 3474 429 3522 aeq.
440 3460 567 3517 edidimus,
579 3462 720 3520 quoordiue
731 3472 787 3511 sunt
823 3464 865 3523 qui
884 3464 997 3524 primitus
1016 3476 1104 3510 nomen
1122 3463 1240 3522 Πρασσῦς
1256 3476 1306 3510 non
1326 3464 1374 3511 ha·

241 3546 333 3594 ittVen.
344 3546 418 3594 Taur.
429 3544 631 3594 uocantur.
642 3547 670 3594 B.
681 3546 785 3596 C.D.E.
823 3545 918 3610 h0rit,
945 3547 987 3595 sed
1004 3548 1102 3608 aliquod
1120 3548 1222 3602 Δωσσός
1243 3547 1374 3608 epitheton

240 3631 269 3680 F.
280 3630 309 3679 G.
321 3632 352 3678 ll.
363 3632 384 3678 l.
395 3631 465 3679 Bodl.
475 3631 504 3677 lt.
516 3629 544 3677 S.
553 3630 632 3678 liehd.
643 3631 709 3680 lunt.
721 3634 747 3681 1.
758 3634 785 3681 2.
824 3650 864 3684 ex.
878 3648 901 3683 c.
918 3629 1035 3704 Δασόό
1048 3629 1198 3694 ἱμερόεσσα,
1210 3643 1260 3692 qua
1274 3634 1373 3682 ratione

240 3716 313 3765 Froh.
333 3718 432 3765 inverso
439 3715 533 3772 ordine,
541 3729 590 3776 quo
599 3716 686 3777 legisse
696 3732 737 3767 cos
748 3719 785 3768 lo.
823 3720 881 3767 item
903 3719 1002 3766 tollatur
1023 3732 1072 3765 una
1089 3717 1191 3765 molesta
1211 3716 1253 3763 illa
1270 3717 1369 3766 Nereis.
1465 3775 1469 3788 Ι

240 3800 359 3849 Diaconus
368 3800 473 3857 videtur,
480 3800 595 3848 exhibent
604 3801 669 3849 Flor.
680 3803 707 3850 B.
716 3802 744 3850 G.
755 3804 784 3851 l).
823 3806 851 3853 ln
858 3818 885 3852 re
894 3805 986 3851 incerta
995 3803 1070 3850 malui
1077 3815 1174 3850 versum
1182 3801 1331 3862 relinquere,
1341 3810 1372 3849 ut

240 3885 270 3931 Ε.
281 3884 338 3932 Par.
348 3884 379 3932 A.
388 3884 529 3932 hidi'rinc.
537 3891 561 3931 et
571 3897 654 3932 omnes
661 3885 783 3938 hincEdd.
821 3904 905 3938 omnes
916 3888 1070 3937 illumCodd.
1081 3887 1206 3935 exhibent.

239 3983 276 4017 vo.
295 3968 357 4025 alo„
382 3966 494 4024 Πασιθόη
510 3969 584 4018 Taur.
607 3965 700 4026 Ἐνεόκη
718 3971 783 4020 Flor.
857 3990 893 4022 vs.
912 3976 973 4022 249.
993 3988 1023 4021 σε
1041 3973 1109 4020 abest
1126 3986 1141 4019 a
1160 3973 1223 4021 Flor.
1240 3970 1269 4018 Α.
1287 3971 1317 4019 B.
1337 3973 1372 4024 D.

239 4056 270 4102 Ε.
286 4048 387 4108 Ebusum
404 4052 460 4101 Ald.
476 4049 576 4112 Εὐνίκη,
592 4056 657 4116 quod
672 4063 709 4103 est
719 4057 785 4116 apud
822 4061 851 4109 E.
869 4061 924 4108 Par.
947 4061 974 4107 C.
992 4060 1021 4106 E.
1040 4058 1063 4105 Ι.
1080 4059 1149 4106 Bodl.
1167 4059 1198 4106 ll.
1218 4058 1244 4105 S.
1265 4057 1373 4117 Νησαίη

239 4138 350 4200 Apollod.
369 4138 389 4185 l.
408 4152 434 4185 u.
452 4138 478 4185 6.
495 4137 666 4198 praestabilius
679 4140 784 4187 hine'vi·
820 4144 846 4195 e’
861 4144 934 4196 ’Aue
945 4145 999 4193 Vat.
1016 4146 1061 4192 Pro
1072 4141 1282 4201 ’Annalqt‘emere
1293 4146 1369 4194 Dind.

238 4238 292 4271 sum
310 4223 426 4280 Graerio,
454 4222 547 4284 Toupio
562 4217 672 4285 Append.
693 4223 782 4273 Aunot.
820 4224 1371 4291 'AnpoelqPost’Axroelnabostnoeiinpanff

238 4308 781 4373 inTheocr.p.55.valekenarioadTheocr.
856 4327 891 4360 vs.
911 4313 972 4361 250.
1003 4312 1109 4370 Πανόπη
1125 4312 1169 4362 καὶ
1188 4309 1282 4369 εὐειδὴς
1300 4318 1370 4361 raa.
