2967 5209
503 497 534 543 10
560 496 686 557 1001001
710 493 926 542 0010000110.
1195 463 1268 537 359

143 694 221 737 cum
243 670 397 757 Principe
425 692 460 757 p.
488 671 564 733 778.
589 667 627 735 C.
673 667 771 732 Tales
791 666 896 731 etiam
922 662 987 731 sibi
1005 661 1137 729 Gratias
1161 657 1267 727 infor·

143 783 265 863 mahat,
277 783 338 871 qui
356 780 539 869 Olympiae
555 800 771 846 communem
783 779 903 845 Bacchi
916 788 950 843 et
964 776 1159 842 Gratiarum
1173 796 1267 841 aram

142 895 354 961 consecravit.
377 893 455 961 Vid.
481 884 616 958 Pausan.
642 894 684 960 V.
711 895 766 958 14.
789 904 877 957 extr.
952 954 954 963 Α
1068 968 1069 971 ¹

185 1006 308 1074 Oceani
331 1007 405 1072 filia
430 1007 627 1093 Eurynome
646 1004 773 1069 dicitur
793 1027 828 1068 V.
853 1006 941 1081 908„
961 1013 1115 1088 utsupra
1135 1025 1168 1065 v.
1189 1005 1265 1067 358.

140 1132 174 1186 et
194 1120 283 1209 apud
304 1118 556 1196 Homerum'll.
578 1119 616 1183 Σ.
639 1122 729 1197 399.,
753 1117 814 1182 ubi
832 1117 894 1182 illa
912 1138 991 1180 cum
1013 1114 1155 1181 Thetide
1169 1136 1267 1179 exce·

138 1231 225 1319 pisse
245 1242 279 1296 et
297 1230 477 1295 occuluisse
498 1230 652 1295 traditur
667 1230 811 1296 eiectum
831 1229 922 1294 coelo
938 1228 1141 1296 Vulcanum.
1166 1224 1266 1292 Ocea·
1325 1286 1328 1301 ,

14 1358 15 1363 ’
138 1347 221 1411 nine
241 1343 358 1410 habita
377 1345 491 1410 eadem
513 1343 617 1409 etiam
641 1343 680 1408 in
701 1343 774 1409 illis
794 1340 1010 1427 Theogoniis‚
1028 1360 1111 1428 quae
1124 1351 1267 1426 nuptam

138 1480 212 1522 eam
229 1457 385 1546 Ophioni
402 1479 547 1544 eumque
564 1457 629 1522 hoc
648 1468 725 1522 ante
743 1455 895 1522 Cronum
915 1465 948 1519 et
958 1453 1093 1518 Titanas
1111 1452 1149 1516 in
1166 1450 1267 1518 Coelo

137 1593 286 1659 regnasse
316 1569 550 1660 perhibebant.
582 1570 659 1638 Vid.
692 1569 852 1656 Apollon.
884 1567 994 1633 Rhod.
1025 1567 1053 1632 I.
1086 1570 1150 1633 503
1178 1588 1265 1653 seqq.

137 1683 308 1772 Lycophr.
333 1707 365 1750 v.
386 1687 499 1750 1191..
507 1683 622 1770 ibique
644 1681 791 1748 Scholia.
830 1681 957 1747 Habuit
974 1683 1173 1767 Eurynome
1182 1692 1267 1746 tem·

135 1799 234 1885 plum
259 1797 350 1885 apud
368 1796 594 1884 Phigalenses‚
614 1795 919 1882 quamquamvhaec
940 1794 1069 1860 diversa
1084 1792 1186 1858 fuisse
1199 1795 1268 1859 Dea

135 1922 260 1998 potest,
296 1911 378 1997 ipsis
408 1909 662 1997 Phigalensibus
688 1931 874 1998 cognomen
898 1909 988 1975 illud
1007 1909 1133 1974 Dianae
1159 1910 1266 1976 inter·
1292 1996 1295 2003 Ι

134 2023 361 2112 pratentibus,
382 2021 449 2087 hoo
465 2022 602 2109 quidem
623 2021 751 2101 nescio,
776 2044 821 2087 an
841 2022 957 2087 minus
973 2033 1082 2101 recte,
1106 2022 1154 2115 si,
1178 2022 1267 2111 quod

134 2136 351 2225 perhibetur,
383 2136 603 2201 simulacrum
624 2135 675 2200 ibi
697 2135 785 2200 Deae
808 2132 892 2214 suit,
917 2133 1063 2200 feminea
1083 2134 1194 2200 forma
1211 2159 1267 2199 us·

134 2270 198 2334 que
227 2250 269 2313 ad
292 2271 424 2315 surnma
447 2247 593 2327 femora,
625 2258 733 2314 cetera
754 2246 854 2335 piscis
879 2246 998 2335 figura.
1024 2247 1102 2314 Vid.
1126 2247 1265 2311 Pausan.

134 2361 226 2429 VIII.
251 2362 305 2425 41.
434 2388 437 2397 ·

156 2473 375 2553 ‚Gratiarum
404 2473 525 2562 religio
550 2473 783 2560 antiquissima
812 2470 881 2538 fuit
906 2471 1132 2551 Orchomeni‚
1153 2472 1196 2537 ab
1221 2474 1266 2539 Ε-

133 2588 254 2664 teocle,
281 2586 408 2653 Andrei
434 2588 489 2651 vel
512 2586 664 2675 Cephissi
683 2585 777 2665 filio,
797 2585 995 2664 constituta,
1018 2587 1076 2673 qui
1099 2597 1165 2651 tres
1184 2609 1265 2651 con·

133 2710 328 2767 secreverat.
352 2699 431 2767 vid.
455 2700 592 2765 Pausan.
620 2699 679 2764 IX.
700 2702 755 2764 35.
776 2703 830 2765 38.
856 2697 969 2764 Schol.
995 2700 1036 2764 ad
1056 2699 1189 2765 Pindar.
1209 2698 1265 2767 Ol.

132 2811 224 2878 XIV.
245 2813 324 2878 init.
346 2811 459 2877 Schol.
480 2812 521 2876 ad
542 2812 683 2877 Theocr.
705 2812 756 2877 Id.
777 2811 868 2879 XVI.
891 2814 955 2877 104
967 2834 1064 2897 seqq„
1086 2835 1188 2898 quam
1207 2835 1265 2878 re-

132 2925 296 3011 ligionem
313 2946 392 2989 cum
412 2926 511 3012 poeta
530 2925 675 3002 noverit,
700 2935 783 2989 teste
802 2921 987 2988 Scholiasta
1005 2904 1045 2989 ad
1065 2925 1161 2989 Pind.
1180 2927 1204 2990 l.
1221 2948 1262 3002 c.‚

118 3047 310 3103 ,mutuatus
334 3035 413 3101 inde
432 3035 628 3101 Gratiarum
652 3056 835 3099 numerum
852 3036 961 3101 videri
982 3048 1107 3122 potest:
1132 3049 1167 3101 at
1196 3061 1266 3102 nou

133 3149 217 3213 item
239 3148 397 3226 nomina,
421 3170 519 3234 quae,
543 3146 704 3212 Pausania
726 3158 819 3224 teste,
838 3147 937 3211 nulla
953 3146 996 3211 ab
1011 3149 1144 3213 Eteocle
1158 3148 1265 3214 indita

134 3259 356 3327 Orchomenii
387 3271 562 3326 noverant.
608 3260 723 3345 ltaque
752 3259 891 3323 nomina
920 3258 962 3323 iis
970 3260 1179 3348 simposuisse
1201 3262 1265 3328 He-

133 3375 245 3440 siodus
268 3373 377 3438 videri
399 3385 527 3462 potest,
551 3385 590 3438 ut
613 3394 690 3438 sane
712 3373 803 3440 visus
825 3385 873 3438 est
895 3371 1033 3439 Senecae
1049 3375 1090 3439 de
1105 3375 1219 3441 Benef.
1236 3378 1263 3444 l.

134 3493 166 3554 3.
213 3486 423 3553 Onomacriti
453 3487 495 3553 de
518 3486 646 3554 Gratiis
669 3484 889 3550 traditionem
912 3486 1104 3565 Hesiodeae,
1128 3501 1204 3554 tum
1226 3491 1265 3556 in

132 3601 340 3679 nominibus,
358 3613 433 3665 tum
451 3601 489 3665 in
512 3601 588 3666 aliis
607 3611 863 3664 consentaneam
884 3598 990 3664 refert
1002 3601 1177 3666 Pausanias
1191 3603 1225 3669 d.
1238 3605 1263 3669 l.

134 3712 233 3780 Conf.
262 3713 303 3778 H.
336 3711 445 3801 Orph.
477 3713 564 3779 LIX.
596 3717 628 3779 3.
666 3711 802 3789 Gratia,
826 3712 973 3779 Vulcani
1005 3737 1110 3794 uxor,
1144 3739 1264 3783 secun·

132 3827 215 3890 dum
249 3826 428 3901 Hesiodum
454 3824 557 3915 (infra
581 3848 614 3891 v.
641 3826 735 3911 945.)
760 3825 893 3912 Aglaie,
931 3825 972 3889 ab
991 3826 1136 3894 Homero
1160 3830 1201 3895 ll.
1225 3834 1263 3896 Σ.

133 3941 209 4004 382.
237 3962 307 4005 000
328 3939 441 4003 addito
464 3939 604 4003 nomine
626 3949 846 4003 memoratur.
895 3929 1035 4025 >raptres
1059 3933 1137 4025 uias
1162 3935 1265 4007 ὁπλο-

133 4042 254 4139 τεράων
291 4040 453 4131 Πασιθέην
485 4052 526 4118 Il.
562 4055 597 4117 Ξ.
627 4054 692 4117 275
727 4073 793 4137 seq.
825 4073 969 4116 uxorem
990 4053 1053 4117 sibi
1076 4055 1265 4124 ablutione

132 4166 312 4254 paciscitur
329 4166 493 4248 Somnus,
517 4167 605 4231 uude
622 4167 820 4252 quibusdam
839 4166 929 4231 visus
941 4178 990 4232 est
1006 4167 1170 4235 Homerus
1184 4175 1266 4240 alias

134 4280 237 4345 etiam
269 4283 397 4350 novisse
432 4269 671 4369 πρεσβυτέρας.
724 4281 967 4346 Lacedaemone
996 4282 1081 4347 duae
1110 4284 1151 4349 ab
1177 4291 1267 4354 anti-
