2967 5209
221 526 280 575 Vm
689 529 877 577 nucerino.

218 712 266 776 tie
287 709 473 793 uideretur,
503 715 701 805 r'rrtelle'gere.
748 714 806 781 Ila
831 717 995 781 sententia
1008 716 1123 803 ferme
1150 714 1212 779 luc
1236 712 1350 779 redit:

218 837 382 924 rationes,
412 861 494 926 quae
523 840 622 910 Viros
644 841 766 906 Doctoo
788 839 1005 928 impulerint,
1041 851 1078 903 ut
1095 838 1345 926 Theogoniam,

217 987 301 1052 quae
323 988 414 1030 nunc
436 978 553 1045 exstat,
573 966 676 1032 variis
697 965 779 1031 locis
797 967 851 1034 vel
868 967 1121 1054 interpolatam,
1136 966 1191 1031 vel
1207 965 1346 1051 conglu-

218 1091 335 1157 tinatis
357 1092 459 1196 variis
481 1094 629 1160 eiusdem
654 1095 825 1160 enunciati
841 1093 1087 1159 recensionibus
1110 1091 1344 1168 deformatam,

217 1219 273 1283 vel
304 1241 458 1285 mancam
489 1232 523 1286 et
550 1221 710 1285 mutilam
742 1222 784 1287 ad
813 1245 874 1287 nos
895 1221 1021 1289 venisse
1041 1231 1244 1297 statuerent,
1274 1239 1346 1283 non

218 1355 289 1409 tam
311 1346 411 1411 certia
436 1346 644 1434 argumentis
663 1345 749 1425 niti,
780 1357 820 1411 ut
840 1368 910 1410 non
927 1345 1030 1433 possit
1048 1355 1164 1409 contra
1186 1365 1265 1408 cum
1281 1340 1345 1406 ali-

139 1499 142 1506 ’
217 1493 282 1558 qna
304 1472 456 1537 veritatis
479 1472 585 1562 specie
604 1473 782 1560 disputari.

263 1594 402 1665 Scilicet
412 1622 485 1665 erae
497 1603 533 1666 in
545 1621 583 1666 eo
593 1603 741 1666 carmine
755 1600 859 1665 multa
877 1601 990 1663 minus
1003 1601 1162 1664 concinm
1176 1605 1208 1662 et
1218 1616 1346 1685 parum

217 1732 295 1810 apte
309 1724 477 1815 disposita
489 1728 676 1817 multaeque
693 1731 818 1794 otiosae
836 1729 1057 1817 repetitiones,
1078 1730 1128 1791 ita
1145 1725 1281 1806 demum,
1296 1743 1347 1786 me

217 1851 335 1936 iudice,
351 1863 474 1921 certam
492 1856 762 1946 interpolationis
781 1854 940 1921 indicium
960 1854 1077 1920 lateri
1085 1860 1208 1944 potest,
1220 1855 1254 1916 ei
1271 1872 1345 1915 cen·

218 1980 401 2048 eenclueeat
421 1977 593 2050 Hesiodus
611 1985 763 2051 excultae
785 1986 852 2049 ram
875 1983 925 2048 acl
939 1983 1089 2070 aliquam
1108 1979 1345 2068 perfectionem

217 2111 307 2173 artie
314 2118 428 2198 poeta.
449 2110 558 2201 Atqui
569 2134 693 2190 cauea,
709 2133 770 2176 cur
788 2110 870 2175 talia
890 2109 951 2174 ille
968 2115 1150 2186 ceneeatar,
1169 2106 1346 2192 manifesto

217 2235 312 2302 nulla
326 2247 480 2328 apparet.
493 2238 612 2304 Potina
621 2242 713 2304 iusta
727 2237 926 2327 auspicandi
931 2258 1033 2302 cauea
1043 2244 1103 2315 eet,
1116 2237 1177 2300 illo
1191 2241 1347 2322 tempore,

217 2389 281 2456 quo
302 2371 391 2433 amit
413 2367 597 2448 Hennam,
616 2377 739 2459 poetae
751 2368 834 2456 fere
851 2371 963 2456 magio
985 2370 1132 2457 ingenio,
1155 2386 1253 2454 quam
1270 2369 1348 2427 arte

217 2498 379 2578 υαὶιιὶεεε,
402 2507 570 2588 artemque
584 2500 753 2588 poeticam
772 2498 869 2586 longe
892 2505 959 2560 tum
982 2494 1090 2560 adhuc
1109 2518 1131 2558 a
1139 2494 1348 2583 perfectione

218 2627 377 2715 atficieee.
423 2626 536 2718 Neque
554 2649 604 2693 me
625 2627 741 2694 laudea
759 2633 902 2712 mouent,
923 2627 1008 2715 quae
1026 2621 1176 2688 Hesiodo
1194 2631 1264 2686 tarn
1279 2621 1349 2685 alii

220 2754 379 2823 Veterum
398 2733 603 2838 tribuerunt,
631 2765 699 2822 tam
724 2756 889 2822 dieertim
917 2751 1144 2840 Quintilianus
1164 2749 1251 2816 Inet.
1283 2745 1345 2814 Or.

218 2881 262 2952 X
260 2935 277 2984 ·,
296 2884 331 2952 J.
358 2886 411 2953 52.
443 2883 594 2975 Namque
620 2885 704 2950 illae
729 2882 847 2949 mades
871 2902 936 2946 non
960 2878 1011 2944 ad
1034 2885 1140 2943 artem
1157 2876 1345 2966 pertinent,

218 3012 280 3077 aed
299 3012 349 3077 ad
374 3013 542 3077 lenitatem
563 3011 732 3076 certorum
757 3018 789 3074 et
810 3008 1075 3097 compoeitionia,
1100 3025 1199 3093 quam
1220 3025 1243 3066 a
1270 3000 1346 3065 dic·

213 3143 382 3238 positique
400 3140 582 3228 distingunt
600 3138 687 3203 idem
713 3135 943 3225 Quintilianus
968 3130 1087 3198 VIII.
1101 3127 1181 3197 ΙΙΙ.
1200 3132 1253 3193 59.
1280 3128 1350 3193 aa

219 3277 326 3334 autem
345 3269 456 3350 arti'e,
481 3269 616 3355 eiueque
644 3269 712 3331 iam
741 3264 908 3340 excultae,
929 3261 1125 3349 dieponere,
1144 3265 1181 3321 ut
1200 3264 1251 3321 eet
1268 3259 1346 3321 item

219 3398 293 3463 eine
316 3396 526 3485 repetitiones
550 3371 823 3481 effligeresqema
848 3389 1001 3454 melioria
1029 3385 1138 3451 adhuc
1161 3393 1194 3449 et
1214 3383 1345 3473 simpli-

219 3525 325 3592 cioria
351 3525 427 3589 aeui
447 3526 569 3610 poetae
588 3520 723 3608 paeeim
747 3517 921 3582 admittere
952 3536 1016 3579 non
1044 3511 1283 3598 reformidant,
1308 3519 1347 3576 ut

110 3680 131 3708 w
219 3652 333 3718 doceret
350 3651 448 3713 etiam
466 3648 601 3712 illorum
624 3645 792 3733 exempla,
816 3646 877 3732 qui
896 3640 989 3732 apud
1005 3642 1206 3706 recentiores
1232 3636 1345 3703 Euro-

213 3802 283 3872 pae
297 3777 437 3869 populos
451 3783 527 3844 ante
542 3781 679 3839 renatae
699 3773 820 3837 literas
839 3768 1026 3857 rhythmica
1044 3769 1196 3832 carmina
1214 3785 1346 3852 compo·

220 3901 365 3976 suerum
411 3904 549 3994 Itaque,
569 3925 643 3968 cam
663 3902 780 3967 crebra
797 3902 834 3965 in
857 3897 889 3964 T
886 3899 1047 3986 leogonia
1070 3894 1213 3961 eiusdem
1236 3912 1343 3957 enan-

218 4040 305 4104 ciati
324 4037 477 4125 repetitio
495 4034 679 4124 praecipue
700 4033 736 4095 in
753 4051 855 4094 cauea
876 4024 1008 4112 ficerat,
1033 4042 1094 4087 cur
1112 4020 1154 4085 de
1172 4020 1285 4084 aariia
1306 4020 1343 4079 in

219 4187 256 4230 eo
281 4167 428 4230 carmine
453 4161 695 4228 recentioribus
719 4158 808 4226 Viri
828 4155 929 4222 Docti
943 4156 1146 4246 cogitarent,
1164 4166 1287 4223 uereor,
1305 4153 1343 4209 ut

218 4294 358 4359 alteram
381 4314 423 4358 ex
444 4291 553 4356 altero
573 4289 693 4377 collegi
711 4286 901 4352 necessario
921 4280 1078 4347 debererit.
