2967 5209
237 466 309 551 296
652 536 654 545 .
675 495 915 545 ccumnrtrrvs

236 666 400 733 sustinens
421 666 605 733 inducitur.
652 667 751 755 Apud
764 667 970 754 Aeschylum
990 668 1027 734 in
1045 671 1156 737 Prom.
1180 669 1256 734 349.
1277 666 1368 731 dici·

238 791 295 844 tur
318 780 409 852 idem
431 768 505 844 trior?
527 775 658 867 ον’ροννοῦ
682 798 720 843 τε
744 772 801 844 καὶ
826 768 944 870 χθονὸς
959 762 1083 869 ’Ὧροονο
1105 770 1236 870 ἐρείδων.
1258 802 1368 867 quem

236 874 370 980 poeiam
395 892 423 957 si
455 903 577 957 statuas
599 879 675 958 κίον’
700 884 828 980 ον’ροννοῦ
850 894 974 959 dixisse
994 907 1144 961 montem
1172 897 1210 960 in
1236 893 1368 959 Mauri·

236 1005 348 1083 tanis,
370 1004 455 1071 sicut
477 1015 626 1070 montem
648 1006 751 1071 illum
779 1007 906 1075 accolae
933 1007 1066 1087 dixere,
1092 1018 1174 1074 teste
1196 1007 1368 1073 Herodoto

161 1138 166 1145 ·
237 1116 295 1186 lv.
320 1119 410 1196 184„
434 1117 520 1183 sicut
540 1118 643 1182 etiam
665 1118 828 1184 Pindarus
853 1119 953 1207 Pyth.
981 1119 1007 1187 l.
1030 1123 1084 1187 36.
1110 1120 1254 1187 Aetnam
1277 1112 1369 1184 νάονοο

115 1275 126 1297 .
237 1222 382 1318 ον’ροννὶονν
410 1230 520 1309 dixit,
552 1231 605 1296 vel
629 1231 674 1295 sic
698 1230 868 1296 videbitur
890 1243 1002 1298 tamen
1025 1233 1210 1320 Aeschylus
1234 1256 1367 1320 quoque

178 1408 185 1435 ρ
237 1343 409 1409 diversum
432 1367 450 1408 a
473 1354 588 1409 monte
611 1343 675 1408 sibi
695 1343 870 1410 Atlantem
888 1342 1100 1421 informasse,
1120 1345 1217 1410 cuius
1239 1345 1367 1433 quippe

238 1457 574 1549 humerisoolumna
611 1457 673 1522 illa
698 1459 785 1522 coeli
810 1454 999 1524 fulciretur.
1051 1458 1201 1529 ,Atlantis
1224 1448 1369 1551 χοξλνοεο

137 1602 144 1615 ·
238 1560 327 1635 νῶτον
349 1573 386 1635 in
396 1560 463 1635 hac
484 1592 521 1634 re
540 1581 706 1634 memorat
725 1570 904 1657 Euripides
919 1571 990 1637 Ion.
1007 1571 1118 1659 princ.
1141 1571 1182 1636 ln
1200 1570 1368 1637 Heracleis

236 1685 339 1749 etiarn
356 1683 517 1748 similiter
532 1681 727 1746 exhibitum
749 1680 849 1746 fuisse
863 1681 1048 1761 Atlantem,
1064 1682 1191 1748 indicat
1207 1681 1381 1771 Apollod„

238 1799 281 1864 11.
308 1798 364 1865 IV.
393 1800 445 1864 11.
490 1798 580 1863 Eum
605 1817 683 1860 oum
706 1807 822 1860 monte
844 1794 1072 1862 confuderunt
1093 1796 1230 1860 demum
1251 1818 1367 1861 recen·
1458 1880 1459 1885 ἵ

238 1911 339 1976 tiores
357 1911 409 2001 (ut
425 1909 591 1997 Virgilius
607 1909 665 1977 IV.
682 1908 765 1975 Aen.
788 1910 854 1972 246
875 1931 960 1995 seqq.
978 1890 1153 1996 splendido
1171 1908 1270 1994 loco),
1289 1931 1368 1972 cum

237 2024 434 2091 invaluisset
460 2024 561 2088 etiam
590 2023 749 2102 traditio,
781 2044 883 2109 quam
903 2023 1023 2087 retulit
1045 2020 1187 2088 Ovidius
1207 2023 1264 2089 IV.
1287 2023 1364 2088 Met.
1458 2022 1459 2081 ἶ

238 2138 303 2203 620
325 2159 411 2224 seqq.
439 2137 479 2201 de
503 2137 640 2202 Atlante
664 2136 700 2199 in
723 2145 877 2199 mentem
903 2145 1053 2213 mutato,
1081 2157 1159 2198 cum
1182 2135 1316 2200 Perseus
1336 2136 1365 2198 ei

237 2261 338 2338 caput
371 2249 536 2337 Gorgonis
567 2247 748 2315 obiecisset.
793 2245 891 2333 Quod
922 2258 1035 2312 autem
1068 2246 1209 2312 Hesiodo
1236 2248 1363 2312 coelum

237 2364 399 2428 sustinere
417 2361 512 2428 Atlas
525 2361 652 2427 dieitur
674 2354 826 2448 κρατερῆς
851 2353 909 2423 ὑπ’
936 2348 1086 2447 ἀνάγκης
1108 2360 1156 2447 (v.
1173 2355 1277 2447 stt),
1298 2360 1366 2424 im·

238 2468 432 2562 posita'hac
451 2474 482 2539 ei
504 2484 592 2538 sorte
617 2471 657 2537 ab
677 2472 757 2539 Iove
780 2471 825 2558 (v.
854 2472 958 2555 520.),
983 2495 1026 2537 ex
1049 2494 1087 2537 eo
1107 2472 1275 2551 coniicias,
1293 2483 1363 2541 sta·¹

236 2587 338 2657 tuisse
366 2590 522 2675 poetam,
553 2607 678 2673 poenae
702 2586 813 2649 datam
839 2585 927 2649 hanc
950 2585 1084 2652 Atlanti
1113 2597 1259 2665 sortem,
1289 2609 1363 2651 cum

238 2699 405 2785 aliquare
427 2700 541 2765 Iovem
565 2696 762 2776 offendisset,
789 2696 879 2784 quod
898 2697 1015 2785 utique
1038 2698 1191 2764 statuisse
1209 2698 1365 2765 videntur

237 2812 339 2877 etiam
360 2811 544 2899 Aeschylus
559 2812 585 2876 l.
608 2833 637 2876 c.
663 2822 696 2876 et
718 2809 882 2875 Pindarus
900 2810 1002 2899 Pyth.
1023 2811 1081 2879 IV.
1102 2813 1178 2878 515.
1223 2811 1364 2891 Atlanti,

133 2954 138 2965 ·
237 2926 297 3014 qui
325 2926 397 2993 dux
426 2923 543 2991 fuisset
572 2924 752 3003 Titanum,
779 2924 864 2990 coeli
886 2923 1052 2990 fornicem
1080 2947 1182 3013 super
1210 2925 1366 2992 humeros

238 3040 434 3129 imposuisse
457 3040 581 3119 lovem,
603 3038 759 3127 Hyginus
780 3035 846 3103 fab.
872 3037 938 3105 CL.
961 3039 1067 3104 tradit
1086 3050 1120 3103 et
1138 3038 1205 3103 huc
1215 3036 1366 3104 referunt

239 3152 463 3220 Grammatici
483 3153 656 3241 epitheton
679 3140 871 3237 ὀλοόφρονος
893 3152 981 3239 apud
997 3151 1183 3216 Homerum
1192 3153 1217 3217 l.
1228 3174 1274 3234 c.,
1292 3152 1366 3217 aliis

238 3276 353 3330 nmen
374 3264 619 3354 exponentibus
641 3256 715 3351 περὶ
739 3252 804 3329 τῶν
828 3253 907 3329 ὅλων
929 3260 1137 3351 φρονοῦντος,
1158 3252 1289 3354 ἢὺγνεῖς
1305 3255 1365 3335 rite

239 3372 360 3465 φρένοος
384 3369 525 3466 ’ἔχοντος
547 3389 580 3443 et
599 3376 682 3442 hinc
701 3398 781 3441 cum
804 3375 968 3443 Cleanthe
991 3374 1102 3442 Stoico
1130 3377 1365 3465 reponentibus

240 3478 431 3577 ὀλοόφρονος
453 3491 507 3555 vel
531 3480 722 3577 ὁλόφρονοο,
744 3490 832 3575 quod
856 3489 982 3555 seilicet
996 3488 1121 3569 adiecta
1144 3479 1179 3560 ‘c'r
1191 3508 1228 3553 τε
1239 3478 1365 3556 tauh-

238 3622 298 3683 οης
322 3622 353 3668 νο.
380 3620 411 3666 τ.
435 3604 467 3666 λ.
492 3601 677 3667 Homerum
699 3604 836 3669 laudare
857 3603 1031 3669 Atlantem
1048 3603 1193 3668 voluisse
1215 3615 1362 3691 arguant.

239 3718 323 3785 Sane
352 3714 483 3782 faciunt
504 3715 566 3781 illa
589 3716 630 3780 ad
653 3717 899 3782 exactissimam
918 3716 957 3781 in
977 3717 1115 3782 Atlante
1132 3717 1237 3781 maris
1252 3738 1363 3780 rerum

238 3831 465 3919 cognitionem
485 3830 737 3910 declarandam,
765 3854 832 3918 quo
853 3830 978 3909 nescio,
1002 3854 1046 3896 an
1063 3831 1233 3919 pertineat
1253 3830 1362 3906 etiarn,

237 3945 326 4031 quod
341 3967 419 4010 eum
440 3943 605 4009 Homerus
623 3956 755 4032 patrem
775 3943 856 4010 fecit
873 3943 1055 4032 Calypsus,
1074 3944 1113 4009 in
1136 3945 1240 4011 maris
1258 3944 1363 4010 insula

238 4057 386 4145 degentis
406 4056 595 4145 Nymphae.
640 4058 753 4145 Neque
772 4069 884 4124 tamen
901 4081 939 4124 eo
959 4058 1074 4124 minus
1092 4058 1205 4145 aliqua
1218 4058 1260 4123 de
1273 4079 1363 4123 causa

167 4171 174 4187 ’
239 4159 419 4256 ὂλοόφρονον
440 4169 549 4234 dicere
572 4170 747 4236 Atlantem
768 4172 892 4258 potuit.
940 4170 1038 4258 Apud
1066 4170 1247 4236 Hesiodum
1276 4167 1360 4235 infra

239 4283 315 4347 938.
333 4264 427 4371 Ἕργ.
452 4284 529 4351 331.
557 4294 651 4371 pater
677 4280 771 4349 Atlas
797 4283 923 4350 dicitur
946 4284 1135 4363 Pleiadum,
1160 4282 1299 4370 quibus,
1327 4292 1357 4345 nt

1455 620 1457 707 t

1454 716 1457 781 t
