2967 5209
251 468 325 544 250
657 530 660 535 ,
690 498 932 545 mnusnrrarrs

252 670 399 737 amsa.
428 628 799 759 1soo.n1ms1sii‚qui
826 672 875 736 su
898 663 1245 758 νεννννννννννέφννλνν
1274 677 1376 740 sesu-

249 785 329 849 tuit.

233 1046 239 1053 ·
296 1034 327 1076 v.
345 1011 421 1075 311.
445 997 627 1094 Κέρβερον,
655 1008 769 1095 inquit
794 1007 989 1074 Eustathius
1009 1011 1050 1074 ed
1074 1009 1115 1075 Il.
1143 1034 1179 1098 p.
1202 1012 1278 1076 717.
1300 1015 1374 1091 54..

250 1117 279 1188 οἱ
306 1113 447 1209 νεώτεροι
477 1119 626 1185 καλοῦσι·
659 1121 737 1208 quis
767 1122 894 1187 scilicet
923 1123 1012 1210 apud
1038 1123 1224 1189 Homerum
1252 1146 1376 1191 nomen

248 1259 317 1300 non
332 1245 451 1300 exstat.
496 1234 612 1299 Dictus
626 1244 749 1310 autem,
771 1233 948 1301 Eustathio
965 1234 1077 1302 iudice
1092 1236 1175 1303 ibid.
1192 1239 1258 1316 60„
1284 1229 1377 1326 πᾱρὶ

236 1341 287 1413 ,τὸ
310 1343 387 1435 κέαρ
408 1337 568 1434 caseon
613 1346 797 1433 Aliquanto
821 1345 1031 1435 probabilius
1052 1349 1090 1413 in
1109 1348 1255 1416 Scholiis
1278 1352 1319 1415 ed
1340 1350 1375 1418 h.

248 1464 273 1529 l.
297 1482 423 1527 nomen
440 1461 606 1549 repetitur
631 1483 649 1524 a
672 1451 750 1547 κέαρ
774 1471 807 1524 et
829 1448 935 1547 βέρω,
956 1462 1026 1527 sive
1048 1450 1156 1548 βόρω,
1177 1463 1268 1526 unde
1289 1450 1377 1549 βρύ-

247 1593 336 1655 oua,
369 1559 567 1659 βιβρῶσκω,
595 1584 635 1636 ut
662 1573 709 1638 sic
738 1572 829 1636 idem
855 1570 925 1638 fere
950 1586 1062 1652 notet,
1093 1575 1181 1661 quod
1206 1563 1374 1656 sinuosae.

248 1686 432 1755 Welckero
461 1686 498 1749 in
523 1686 651 1772 Trilog.
686 1685 842 1770 Aeschyl.
873 1708 907 1773 p.
937 1690 1011 1752 131.
1044 1698 1094 1752 est
1124 1676 1282 1773 Κέρβερος
1314 1708 1374 1775 pro

156 1848 161 1855 .
248 1790 424 1886 Ἐρέβερος,
439 1797 617 1885 praemissa
636 1796 778 1862 fortiore
793 1797 1036 1886 adspiratione3
1049 1799 1241 1865 Hermanno
1251 1798 1372 1887 Opusc.

248 1914 292 1979 11.
314 1935 350 2000 p.
381 1912 457 1976 182.
488 1897 648 1997 Κέρβερνν
675 1922 724 1976 sss
750 1912 896 1991 Hosto,
929 1913 1139 2001 transpositis
1169 1912 1279 1978 noris
1313 1934 1373 2001 prs
1453 1880 1454 1931 ³

248 2016 418 2112 κρεμερδς,
440 2024 530 2110 quod
548 2048 618 2089 non
638 2025 808 2112 adsequor.
848 2024 1075 2113 Goettlingius
1102 2036 1274 2112 comparat
1295 2013 1376 2111 acip-

247 2131 369 2225 βανος,
390 2128 520 2201 dictum
543 2138 719 2202 nonnullis
738 2160 802 2225 pro
825 2128 1001 2225 βάρβαρος
1023 2150 1057 2203 et
1073 2136 1275 2202 vocabulum
1295 2140 1375 2202 ala·
1453 2152 1454 2203 t

246 2252 370 2318 trantis
401 2272 480 2315 sono
516 2251 650 2338 repetit.
706 2250 983 2319 Obstare·vide1·i
1013 2250 1130 2338 possit,
1162 2251 1270 2337 quod,
1296 2262 1375 2316 teste
1453 2270 1454 2337 3

251 2363 435 2430 Scholiasta
473 2364 513 2427 ad
548 2364 707 2429 Nicandri
736 2364 898 2452 Alexiph.
927 2387 960 2428 r.
991 2365 1084 2442 378„
1109 2353 1262 2450 Κέρβεροι
1294 2362 1374 2429 dicti
1453 2364 1454 2405 3

247 2499 376 2563 quoque
398 2463 578 2564 βάτραχοι
605 2467 741 2560 ἄφωνοι.

296 2577 529 2672 Χαλκεὸφωνον
557 2587 682 2653 alicubi
703 2589 833 2653 dictum
856 2576 1033 2674 Κέρβερον,
1061 2588 1194 2675 scripsit
1218 2589 1371 2655 Eustath.

250 2702 290 2766 ad
315 2701 356 2766 11.
381 2723 416 2787 p.
441 2700 527 2763 1140
549 2699 626 2764 init.

292 2950 326 2993 v.
349 2931 416 2994 313
438 2949 525 3015 seqq.
561 2926 674 2991 Tertia
698 2925 896 3013 Typhaonis
920 2937 954 2991 et
979 2926 1150 2992 Echidnae
1172 2928 1283 3014 proles
1309 2927 1375 2991 fuit

247 3042 349 3129 digna
379 3055 488 3107 matre
515 3040 605 3117 filia,
625 3038 741 3126 Hydra
765 3039 927 3118 Lernaea,
952 3062 1053 3127 quam
1077 3038 1209 3104 infensa
1239 3040 1374 3106 Herculi

248 3154 333 3217 luno
353 3172 488 3240 gravem
511 3152 541 3217 ei
566 3151 714 3216 laborem
736 3152 841 3229 aluit,
867 3151 970 3229 sicut,
992 3151 1158 3229 similem,
1175 3163 1215 3215 ut
1230 3152 1372 3227 videtur,

247 3264 290 3328 ob
309 3286 461 3347 causam,
483 3265 586 3329 etiam
611 3263 755 3327 Leonem
775 3264 861 3327 aluit
879 3263 1079 3328 Nemeaeum
1097 3261 1202 3351 (infra
1221 3285 1255 3328 v.
1269 3260 1370 3349 328).

248 3363 399 3463 Hydram
419 3378 517 3464 poeta
531 3376 623 3441 dixit
644 3365 741 3464 λύγρ’
766 3363 884 3441 eidviav
909 3371 1032 3462 (λῦγρα
1050 3362 1199 3462 levto)
1215 3383 1373 3462 pernicio-

246 3511 331 3565 sum,
354 3488 432 3552 satis
455 3488 501 3552 sic
529 3487 734 3575 significans,
768 3488 957 3553 terribilem
989 3486 1108 3569 fuisse3
1138 3490 1237 3554 nulla
1263 3499 1374 3552 tamen

247 3601 402 3689 plurium
425 3599 496 3665 eius
513 3599 664 3687 capitum
686 3602 858 3666 mentione
878 3600 982 3679 facta,
1010 3624 1155 3689 quorum
1176 3602 1300 3688 passim
1324 3623 1373 3665 re·

247 3715 408 3780 centiores
436 3714 676 3780 meminerunt.
723 3716 808 3780 Eam
829 3714 989 3780 Hesiodus
1011 3714 1052 3779 ab
1075 3715 1217 3780 Hercule
1235 3712 1375 3780 interfe-

247 3839 335 3892 ctam
354 3827 439 3892 dicit
456 3827 502 3917 (v.
526 3826 619 3916 316.)
645 3823 735 3907 νηλέϊ
748 3817 890 3917 χαλκῷ,
916 3849 1009 3893 aereo
1030 3829 1180 3905 volenes,
1195 3829 1248 3894 vel
1264 3827 1373 3892 hastae

31 3982 34 3989 .
174 4016 176 4021 ,
247 3941 401 4028 cuspide,
425 3963 509 4027 quae
533 3940 601 4007 fuit
630 3940 801 4028 antiquior
827 3940 976 4007 traditio.
1007 3934 1148 4026 Xpsiccae
1172 3926 1278 4026 Ziporea
1300 3961 1371 4003 me·

248 4069 425 4123 morantur
451 4058 538 4147 apud
559 4057 712 4144 Euripid.
738 4057 776 4120 in
792 4055 871 4119 lone
888 4079 920 4122 v.
942 4057 1017 4121 192.
1056 4053 1245 4121 Secundum
1263 4078 1370 4121 recen·

249 4168 349 4232 tiores
371 4170 504 4256 Hydrae
526 4172 633 4256 capita
655 4170 810 4235 Hercules
830 4168 983 4233 contudit
1005 4157 1144 4269 ῥςπαίλῳ
1168 4168 1268 4233 clava.
1294 4167 1367 4234 Vid.

240 4281 409 4368 ,Aponon
434 4283 477 4349 ll.
498 4283 538 4349 V.
559 4286 590 4348 2.
639 4282 749 4347 Iolaus
772 4283 818 4364 (v.
839 4280 944 4370 317),
964 4303 1064 4368 quern
1080 4283 1206 4347 socium
1228 4294 1261 4345 et
1281 4280 1369 4346 auri·
