2967 5209
498 477 531 524 ru
557 474 683 526 ussronr‘
706 456 921 526 rmceonm.
1202 448 1272 523 1u7

140 632 401 736 πραΦιρεστάτη
432 645 559 712 habita.
608 647 805 714 Tenendum
823 658 893 726 est,
925 644 1043 736 priscis
1065 645 1273 734 tenporibus

136 760 281 827 civilem
308 758 409 824 etiam
443 770 540 846 atque
568 757 735 826 forensem
760 759 986 847 eloquentiam
1012 778 1148 836 omnem
1179 758 1272 857 quasi

137 871 307 937 musicam
342 869 458 950 fuisse,
496 870 723 937 abundantem
754 871 920 959 exemplis
951 883 986 937 et
1021 869 1271 936 narrationibus

136 969 285 1070 (μύθοις)
309 1004 353 1048 ex
369 984 483 1071 priore
502 1005 600 1063 aev03
625 984 721 1048 cuius
740 983 870 1071 generis
886 994 967 1048 sunt
980 981 1069 1071 apud
1086 982 1271 1051 Homerum
1311 1062 1321 1079 .

137 1094 306 1161 orationes
327 1094 489 1172 Nestoris,
515 1094 707 1174 Phoenicis,
731 1096 897 1176 aliorum3
926 1105 1145 1184 usurpantem
1166 1094 1269 1159 etiam

122 1204 281 1270 subinde
312 1203 450 1272 fabellas
482 1196 632 1295 (αἶνοὺς),
655 1209 745 1296 quod
767 1209 808 1274 de
829 1208 984 1274 lothamc
997 1218 1031 1272 et
1050 1207 1204 1273 Menenio
1224 1205 1268 1275 A·

136 1317 258 1406 grippa
281 1328 419 1384 constat.
459 1317 574 1406 Itaque
588 1319 731 1407 regibus,
748 1320 958 1409 quiquidem
979 1313 1086 1408 λιγεῖς
1106 1307 1270 1407 ἀγορηταὶ

134 1453 204 1497 csse
232 1431 379 1509 vellant,
407 1429 533 1496 barum
559 1455 677 1498 rerum
704 1432 845 1498 scientia
873 1432 1064 1498 communis
1093 1452 1160 1497 esse
1189 1451 1268 1495 cum

135 1544 246 1632 poetis
271 1543 397 1609 debuit.
444 1545 491 1611 Ne
515 1547 591 1633 quis
616 1559 731 1611 autem
760 1545 952 1612 uberiorem
980 1567 1098 1635 regum
1120 1546 1269 1611 mentio-

136 1657 273 1723 nemin
291 1656 355 1721 hoc
377 1658 551 1745 prooemio
566 1658 722 1737 miretur,
745 1658 989 1724 recordandum
1005 1669 1063 1737 est,
1080 1669 1186 1723 aetate
1203 1657 1267 1722 lle·

134 1770 221 1835 siodi
244 1772 358 1857 poetas
376 1769 414 1835 in
437 1793 556 1858 regum
575 1771 726 1837 maxima
749 1773 917 1839 conviviis
934 1795 991 1837 sua
1013 1773 1165 1837 recitasse
1186 1793 1267 1835 car-

133 1884 247 1962 mina,
270 1883 396 1972 quippe
417 1895 563 1973 quonam
585 1884 763 1974 inprimis
788 1885 933 1974 gratiam
953 1908 990 1951 ac
1008 1886 1096 1951 dona
1115 1884 1182 1949 sibi
1200 1884 1266 1949 de-

132 1997 261 2061 mereri
287 1997 433 2077 vellent,
458 1997 514 2062 cui
529 2019 731 2085 consequens
753 2009 842 2076 erat,
868 2009 908 2063 ut
924 2018 990 2062 essa
1007 2019 1026 2062 e
1054 2019 1092 2061 re
1111 2018 1169 2060 sua
1190 1973 1266 2061 cem

132 2120 260 2184 serent,
281 2110 477 2196 persuadere
500 2109 554 2188 iis,
578 2131 639 2197 per·
656 2110 858 2175 commercia
880 2131 960 2174 cum
981 2109 1085 2174 Musis
1106 2121 1139 2173 et
1157 2107 1266 2195 poitis
1318 2174 1322 2181 ,

90 2258 92 2261 ν
128 2224 323 2289 maximam
346 2245 438 2311 reges
458 2222 693 2288 auctoritatem
714 2220 880 2307 consequi.
925 2218 1048 2303 Suadet
1067 2218 1175 2306 igitur
1194 2218 1266 2305 ipsa

130 2336 195 2402 illa
214 2335 352 2401 uberior
372 2357 491 2423 regum
510 2335 546 2400 h.
567 2336 591 2400 l.
612 2334 761 2413 mentio,
783 2345 824 2399 ut
845 2332 933 2399 hanc
955 2330 1121 2421 prooemii
1134 2340 1266 2417 partem

131 2449 200 2514 nisi
226 2449 267 2513 ab
284 2448 450 2528 Hesiodo,
470 2459 661 2533 camacum
687 2442 820 2535 Heynic
839 2443 884 2511 ab
902 2444 1040 2533 antiqno
1062 2445 1160 2531 putta
1186 2464 1264 2529 pro·

131 2560 255 2627 fectum
283 2555 485 2628 censeamus.
532 2561 674 2627 Hesiodo
695 2559 846 2626 tribuere
866 2581 936 2625 non
962 2556 1164 2627 dubitarunt
1181 2557 1265 2623 Plu

130 2673 270 2740 tarchus
286 2673 391 2741 Conv.
403 2672 535 2760 Quaest.
556 2673 630 2738 loco
645 2673 775 2760 saepius
786 2671 898 2750 citato,
918 2669 1044 2758 aliique
1054 2667 1265 2736 memorandi

129 2768 224 2853 infra
245 2788 432 2875 scriptores.

174 3036 232 3101 vv,
253 3016 395 3083 79-90.
415 3012 499 3078 citat
518 3006 676 3078 Stobaeus
691 3010 801 3079 Serm.
820 3009 940 3078 XLVI.
958 3031 994 3096 p.
1013 3010 1089 3074 326.
1122 3010 1260 3086 Eorum,

9 3160 12 3177 ν
127 3151 215 3216 quae
236 3149 334 3194 versu
352 3130 395 3193 79
416 3125 650 3204 continentur,
671 3124 844 3193 mentione
862 3120 968 3202 facta,
988 3134 1161 3210 sequentes
1174 3125 1263 3189 80-

129 3245 187 3308 85.
207 3239 344 3307 subiicit
360 3239 567 3309 Themistius
590 3239 648 3305 IX.
662 3239 735 3302 122.
760 3235 813 3316 Ad
834 3222 1093 3324 προφερεστάτη
1106 3236 1146 3302 in
1159 3257 1193 3303 v.
1206 3237 1261 3302 79.

128 3354 292 3443 respicere
309 3353 470 3421 videntur
487 3354 581 3419 Plato
602 3353 641 3416 in
663 3349 812 3427 Phaedro
830 3372 865 3438 p.
888 3349 964 3415 207.
978 3350 1024 3414 B.
1044 3348 1206 3419 Leonidas
1215 3348 1257 3415 A.

130 3469 165 3534 Ρ.
198 3468 273 3535 IX)
286 3467 400 3556 Epigr.
433 3468 508 3532 344.
531 3464 738 3531 Themistius
758 3462 818 3530 Or.
837 3462 962 3528 XXXI.
984 3473 1074 3548 exta.
1099 3461 1261 3550 Libanius

130 3583 169 3648 T.
198 3583 224 3647 1.
251 3604 286 3670 p.
311 3580 368 3647 71:
410 3582 545 3646 Essetne
579 3591 691 3647 autem
723 3563 981 3664 προφερεστάτη
1000 3584 1144 3639 maxima
1164 3589 1260 3652 notu,
1349 3588 1357 3597 “

125 3704 266 3782 prunum
286 3680 394 3776 edita,
424 3702 604 3759 anassem
627 3693 782 3781 dignitate
791 3703 975 3778 praestans,
998 3690 1074 3755 iam
1091 3690 1181 3777 apud
1205 3711 1260 3754 ve·

129 3820 215 3874 teres
234 3808 440 3886 dubitatum,
463 3808 538 3873 aliis
559 3808 640 3886 hoc,
663 3806 740 3872 aliis
763 3804 853 3868 illud
873 3802 1112 3891 probantibus,
1134 3814 1174 3867 ut
1192 3803 1259 3868 col·

129 3921 207 3987 latis
227 3921 392 4001 Platonis,
421 3922 630 4007 aliorumque
651 3919 734 3986 locis
751 3939 853 4006 supra
869 3916 981 3981 citatis
1001 3927 1034 3980 et
1053 3913 1199 3982 Scholiis
1220 3916 1260 3980 ad

9 4089 11 4100 ,
128 4035 165 4102 h.
187 4037 212 4100 l.
238 4046 387 4124 apparet.
412 4032 511 4101 Conf.
535 4031 633 4099 infra.
648 4057 680 4099 v.
706 4034 783 4109 361,
810 4033 887 4096 777.

172 4283 228 4325 vv.
255 4263 309 4326 80.
332 4274 418 4326 extr.
442 4263 584 4327 81w90.
609 4256 648 4322 ut
669 4258 842 4327 Hesicdccs
862 4258 945 4322 citat
968 4257 1127 4333 Aristides
1148 4219 1256 4324 ult.
