2967 5209
417 536 421 544 .
534 490 567 538 m
590 490 716 541 usstour
739 491 952 539 rusooonnn.
1233 468 1304 545 133

175 669 282 746 utque
303 658 408 746 magis
430 657 623 726 habendum
643 662 688 726 sit
708 673 974 727 memoratorum
996 662 1205 744 carminum,
1232 665 1302 731 ini-

174 771 266 835 tium
293 793 312 836 a
334 771 524 860 Theogonis
547 772 758 852 ducentium,
779 774 1008 861 prooemium,
1029 796 1095 861 quo
1112 777 1211 864 poeta
1232 777 1303 865 ipse

172 881 217 946 iis
246 881 415 972 praefatus
449 885 509 962 sit,
545 908 663 973 quam,
695 887 784 974 quod
817 886 1029 952 Muetzellius
1057 888 1152 967 vult,
1186 891 1302 978 poetae

169 1017 308 1061 carmen
334 996 376 1061 de
400 996 520 1076 Musis,
550 999 638 1085 quod
657 998 778 1064 iisdem
797 998 860 1064 alii
884 1010 997 1087 postea
1014 1001 1301 1088 praemittendum

169 1109 345 1176 duxerint.
392 1109 560 1196 Denique,
590 1111 680 1197 quod
704 1110 770 1176 hoc
802 1111 1016 1199 prooemium
1042 1123 1091 1177 est
1118 1112 1304 1192 eiusmodi,

169 1233 211 1285 ut
235 1222 378 1310 speciem
406 1220 531 1287 referat
558 1222 718 1288 carminis
750 1246 769 1289 e
793 1224 896 1290 variis
917 1223 1086 1310 partibus,
1116 1247 1210 1312 saepe
1231 1243 1301 1289 non

168 1334 343 1423 aptissimo
359 1331 450 1398 inter
469 1356 502 1398 se
517 1356 610 1400 nexu
630 1335 765 1415 iunctis,
786 1334 933 1415 conflati,
956 1336 1002 1415 id,
1021 1358 1077 1401 me
1094 1336 1214 1415 iudice,
1229 1359 1300 1401 non

165 1446 285 1512 statim
309 1447 453 1524 indicat,
488 1468 554 1513 esse
576 1459 688 1535 partes
710 1448 787 1514 illas
809 1471 828 1512 a
847 1448 986 1514 diversis
1004 1447 1195 1514 auctoribus
1219 1470 1300 1537 pro·

167 1555 281 1624 sectas.
328 1558 508 1624 Traditum
530 1571 579 1624 est
599 1560 799 1647 antiquitus,
824 1558 1007 1625 Hesiodum
1025 1559 1179 1648 primum
1197 1557 1300 1627 fuisse

166 1670 385 1758 rhapsodum.
413 1670 511 1761 (Vide
530 1669 642 1739 Schol.
667 1672 708 1737 ad
733 1672 873 1738 Pindari
896 1672 990 1740 Nem.
1017 1672 1060 1739 11.
1085 1668 1130 1759 1.)
1171 1671 1210 1737 Id
1233 1693 1299 1759 qua

165 1771 420 1873 fideltraditum
440 1783 499 1863 sit,
521 1806 725 1872 quamquam
749 1784 961 1872 ignoramus,
987 1796 1101 1851 tamen
1124 1782 1299 1872 probabile
1344 1852 1353 1861 ,

166 1895 277 1961 videri
297 1894 394 1961 debet
411 1896 663 1984 reputantibus,
680 1896 862 1962 Hesiodum
876 1898 939 1962 vix
958 1897 1057 1961 aliter
1074 1896 1224 1983 carmina
1239 1919 1297 1961 sua

165 2009 207 2073 ad
232 2007 415 2074 hominum
435 2009 595 2076 notitiam
614 2006 781 2073 celebrare
801 2009 963 2096 potuisse,
984 2031 1087 2096 quam
1105 2029 1142 2075 ea
1168 2008 1300 2096 saepius

163 2122 269 2189 variis
287 2122 368 2187 locis
386 2145 424 2187 ac
445 2119 653 2210 temporibus
674 2120 857 2186 recitando.
905 2120 995 2185 Tum
1012 2119 1108 2200 vero,
1129 2120 1157 2186 si
1174 2143 1299 2186 secun·

109 2256 112 2261 ·
162 2234 249 2300 dum
271 2246 479 2300 constantem
506 2233 611 2299 illum
638 2235 817 2321 poetarum
837 2242 936 2318 atque
955 2231 1203 2320 rhapsodorum
1222 2214 1306 2297 mo·¹

162 2370 238 2412 rem
251 2346 411 2412 Hesiodus
429 2347 501 2435 ipse
514 2368 644 2433 quoque
661 2343 870 2411 carminibus
886 2345 955 2409 suis
973 2344 1186 2432 prooemium
1203 2367 1297 2434 prae·

162 2459 313 2540 miserit,
346 2482 459 2526 nonne
478 2460 560 2524 item
581 2480 661 2525 vero
685 2458 798 2523 simile
819 2456 985 2534 videatur,
1007 2478 1085 2521 eum
1107 2479 1171 2544 pro
1190 2457 1294 2523 variis

161 2572 246 2638 locis
268 2595 305 2638 ac
325 2572 629 2661 personis,.coram
653 2569 774 2658 quibus
795 2593 852 2638 sua
877 2570 1051 2648 recitaret,
1080 2568 1233 2657 primum
1254 2569 1296 2635 ab

161 2707 195 2750 se
217 2685 404 2773 composito
434 2685 607 2772 prooemio
636 2682 778 2749 subinde
802 2682 964 2770 quaedam
991 2682 1164 2761 adiecisse,
1194 2682 1295 2747 modo

160 2796 325 2876 faciliori,
348 2798 450 2863 modo
471 2798 586 2863 minus
610 2796 706 2862 facili
720 2818 799 2861 cum
813 2793 1087 2883 praecedentibus
1107 2805 1140 2860 et
1157 2815 1294 2879 sequen·

162 2909 255 2975 tibus
273 2911 382 2976 nexu?
407 2909 506 3001 (Vide
524 2908 618 2975 infra
636 2902 756 2974 vnotata
773 2908 814 2973 ad
836 2930 870 2973 v.
892 2904 964 2996 94.)
986 2906 1129 2997 Possunt
1143 2918 1182 2970 'et
1200 2906 1293 2970 varia

160 3021 276 3104 fuisse,
300 3047 370 3091 non
390 3023 619 3098 diversorum,
648 3032 688 3085 ut
711 3019 924 3111 Hermannus
944 3017 1088 3103 censuit,
1111 3013 1167 3080 sed
1188 3013 1294 3102 ipsius

159 3137 295 3204 Hesiodi
326 3137 514 3225 prooemia,
548 3133 589 3200 ab
613 3134 689 3199 aliis
717 3131 838 3197 deinde
864 3152 1016 3217 connexa
1046 3140 1078 3193 et
1114 3128 1151 3192 in
1181 3146 1291 3190 unum

158 3250 361 3345 composita,
393 3249 512 3314 uthis
539 3245 739 3313 tribuendus
766 3245 811 3311 sit
827 3245 953 3345 xminus
982 3240 1093 3306 facilis
1124 3260 1232 3305 nexus
1259 3249 1293 3302 et

157 3366 248 3453 quod
282 3363 423 3429 subinde
460 3361 553 3449 quasi
586 3372 722 3425 suturae
753 3368 925 3447 apparent.
987 3354 1047 3419 His
1079 3375 1156 3418 cum
1200 3349 1294 3416 nihil
1324 3400 1326 3405 .

158 3489 198 3541 ut
227 3476 306 3542 satis
338 3487 429 3542 certo
457 3487 669 3564 compertum
702 3474 808 3562 possit
838 3470 958 3547 obiici,
994 3490 1090 3557 spero
1122 3464 1213 3543 fore,
1253 3475 1294 3527 ut

157 3614 230 3656 non
255 3590 360 3655 nimis
389 3588 682 3678 reprehendendus
703 3586 858 3654 videatur
887 3594 998 3648 noster
1026 3590 1162 3645 conatus
1183 3588 1293 3641 osten·

157 3704 279 3783 dendi,
299 3725 392 3791 posse
411 3722 490 3766 cum
512 3702 624 3789 aliqua
651 3699 725 3765 veri
741 3698 865 3788 specie,
885 3695 975 3785 quod
995 3696 1097 3781 vulgo
1117 3690 1187 3757 fere
1204 3688 1291 3755 anti-

157 3816 268 3903 quitas
289 3837 424 3881 carmen
444 3813 578 3879 Hesiodi
597 3813 753 3900 idemque
775 3807 986 3897 Theogoniae
999 3803 1213 3911 prooemium
1230 3800 1291 3866 ha·

158 3927 288 4016 buerit,
313 3928 441 3995 auctori
464 3926 522 3993 illi
543 3938 642 4014 atque
664 3922 877 4013 Theogoniae
899 3915 1076 3985 vindicari.

205 4179 236 4221 v.
264 4159 292 4222 l.
317 4157 415 4221 Poeta
428 4154 570 4222 canendi
588 4151 731 4219 initium
752 4147 834 4215 facit
853 4143 988 4211 aMusis
1007 4139 1288 4215 Heliconiadibus,

159 4267 198 4334 in
233 4262 391 4335 Helicone
420 4281 534 4335 monte
565 4265 799 4354 antiquissima
826 4259 990 4348 religione
1020 4253 1137 4336 cultis,
1166 4252 1291 4341 quippe
1372 4304 1375 4308 i
