2967 5209
463 578 494 622 is
521 577 645 623 nnstour
668 576 882 623 rnroaorun.
1160 545 1237 618 ’201

114 794 119 797 ⁷
155 758 195 815 v.
221 748 285 811 144
306 769 385 811 oum
404 769 470 834 seq.
492 748 598 812 citant
618 749 733 834 Etym.
759 747 805 812 M.
829 769 862 833 p.
878 746 952 811 544.
973 749 1003 810 7.
1021 747 1136 833 Etym.
1152 745 1240 811 Gud.

112 884 152 949 p.
169 842 259 947 tta.
289 859 341 925 43.
366 858 479 925 Schol.
502 860 544 923 ad
561 858 625 926 Od.
648 859 674 925 I.
704 861 778 925 106.
801 881 834 947 p.
861 861 937 924 313.
961 858 1080 937 Bekk.;
1107 858 1243 946 respicit
1340 898 1344 905 =

113 974 210 1039 Elias
233 972 398 1038 Cretensis
421 972 462 1036 ad
485 971 678 1059 Gregorp.
700 973 775 1036 372.
801 970 838 1038 C.
1217 952 1220 965 ¹

155 1084 284 1179 *Versus
316 1086 378 1149 145
405 1084 617 1172 principium
644 1085 728 1149 citat
755 1083 952 1150 Scholiastes
980 1081 1183 1150 Callimachi
1203 1084 1243 1148 ad

114 1199 160 1264 H.
185 1200 224 1264 in
243 1199 283 1263 D.
313 1201 384 1277 53.;
409 1198 580 1285 integrum
603 1198 799 1263 Eustathius
814 1221 849 1286 p.
867 1198 962 1263 1392.
982 1199 1035 1263 36.
1059 1197 1174 1262 eodem
1193 1219 1245 1261 re·

114 1313 261 1403 spiciens
281 1335 317 1399 p.
339 1313 415 1377 286.
439 1333 473 1400 p.
501 1313 600 1377 1202.
624 1314 658 1376 8.

165 1561 199 1605 v.
230 1538 291 1601 147
327 1548 360 1602 et
388 1513 616 1623 sequentibus,
650 1538 710 1624 qui
740 1536 835 1603 Coeli
860 1536 1045 1622 Terraeque
1076 1535 1143 1600 filii
1172 1545 1247 1622 post

120 1651 219 1729 alios,
240 1649 358 1714 iisdem
379 1632 522 1736 genitos,
544 1661 794 1728 memorantur,
827 1650 890 1714 hoc
909 1650 982 1738 ipso
1004 1649 1247 1736 intelliguntur

120 1763 285 1840 eiusdem,
299 1784 336 1827 ac
350 1761 552 1849 superiores,
575 1773 712 1826 naturae
732 1761 833 1829 fuisse
848 1784 885 1826 ac
901 1761 1060 1826 similiter
1073 1762 1115 1826 ad
1130 1783 1246 1826 rerum

118 1875 221 1945 initia
243 1874 453 1962 pertinuisse.
499 1873 651 1939 Dubium
670 1885 782 1939 autem
803 1897 872 1939 non
891 1885 958 1951 est,
979 1874 1064 1959 quin
1083 1895 1247 1938 manuum

117 1989 335 2076 capitumque
357 1987 594 2066 multitudine,
618 1989 753 2074 qualem
773 1986 829 2052 hic
850 1985 967 2064 Cotto,
989 1986 1133 2064 Briareo,
1158 1985 1248 2073 Gygi

117 2100 246 2167 tribuit
275 2100 452 2177 Hesiodus,
477 2099 648 2184 qualisque
676 2097 834 2185 frequens
855 2109 903 2163 est
925 2098 963 2162 in
989 2099 1136 2166 Deorum
1158 2098 1247 2185 apud

118 2213 220 2278 Indos
234 2210 449 2299 imaginibus,
464 2208 657 2275 multifaria
671 2210 801 2275 virium
821 2210 1015 2275 immanitas
1029 2209 1246 2297 significetur,

118 2348 202 2390 cum
230 2325 345 2390 eodem
373 2323 476 2387 etiam
497 2333 606 2387 cetera
634 2323 671 2385 in
704 2321 768 2387 hac
793 2323 1015 2411 descriptione
1036 2322 1247 2411 pertineant,

120 2450 219 2524 atque
237 2437 308 2525 ipsa
323 2436 401 2500 adeo
424 2434 703 2501 Centimanorum
717 2437 855 2501 nomina
869 2426 993 2505 Kortlr
1016 2458 1034 2500 a
1056 2425 1118 2499 sto
1133 2448 1247 2515 tumeo,

120 2563 252 2636 turgeu,
284 2539 435 2636 Βριάρεως
468 2570 488 2612 a
519 2537 642 2634 (dupio),
664 2538 745 2635 βρὶω
774 2571 893 2635 gravo,
926 2543 1033 2637 Γύγης
1056 2572 1075 2613 a
1095 2544 1166 2636 γῦω
1189 2547 1251 2612 late
1278 2548 1281 2563 ¹

120 2660 246 2748 explico
273 2662 327 2726 vel
354 2683 628 2747 repercussum,
661 2660 717 2725 cui
740 2661 876 2726 nomini
897 2673 1076 2749 cognatum
1099 2653 1203 2749 γὶγοις
1233 2684 1252 2725 a

120 2763 209 2864 γάω.
254 2773 348 2840 Facit
367 2783 478 2837 autem
492 2772 620 2837 Briarei
638 2773 740 2839 etiam
757 2774 846 2861 apud
869 2773 1053 2840 Homerum
1069 2774 1109 2840 ll.
1128 2775 1169 2839 A.
1188 2775 1251 2838 403

121 2908 209 2973 seqq.
229 2886 375 2963 mentio,
412 2896 451 2948 ut
477 2883 633 2950 videatur
652 2897 793 2974 uterque
817 2868 918 2974 po'eta
936 2887 1099 2973 mythum
1124 2897 1252 2951 secutus

121 3021 190 3065 esse
206 2999 396 3085 antiquum.

170 3112 212 3176 ln
233 3112 378 3177 eruenda
399 3121 530 3189 autem,
548 3132 632 3197 quae
648 3112 710 3175 sub
729 3110 794 3176 illo
815 3112 938 3198 mytho
961 3114 1074 3191 lateat,
1094 3112 1144 3176 rei
1164 3111 1253 3177 veri·

123 3238 194 3292 tate
218 3224 311 3291 varia
339 3225 409 3290 iam
427 3210 560 3291 Veteres
585 3223 700 3287 moliti
722 3235 812 3289 sunt.
858 3225 972 3291 Fuisse
988 3225 1094 3291 dictos
1114 3225 1161 3290 sic
1181 3224 1253 3290 ho-

124 3340 235 3405 mines
254 3360 297 3402 ex
319 3336 402 3401 urbe
424 3334 606 3402 Orestiadis
627 3335 884 3402 Hecatonchiria
904 3338 982 3403 satis
1000 3339 1116 3426 inepte
1135 3338 1255 3405 statuit

125 3450 346 3539 Palaephatus
374 3473 402 3516 c.
439 3451 512 3527 20,
546 3450 601 3515 cui
630 3447 700 3515 fere
722 3448 869 3515 adhaesit
892 3449 1031 3516 Nonnus
1051 3452 1092 3517 ad
1115 3450 1253 3540 Gregor.

126 3565 152 3632 f.
177 3568 231 3630 73.
246 3587 281 3652 p.
302 3565 378 3628 517.
394 3564 430 3627 Β.
454 3562 683 3627 Probabiliora
703 3574 793 3641 sunt,
812 3586 896 3650 quae
913 3563 1131 3629 continentur
1146 3564 1254 3631 Scho-

127 3681 184 3745 liis
203 3679 296 3745 adh.
317 3679 342 3743 l.
360 3689 393 3742 et
414 3677 461 3743 lo.
481 3678 620 3742 Diaconi
638 3678 831 3765 Allegoriis;
855 3678 904 3742 ita
917 3689 1052 3755 tamen,
1065 3689 1105 3740 ut
1121 3677 1255 3741 minore

126 3792 166 3856 in
192 3791 248 3855 his
277 3789 349 3857 veri
374 3788 481 3877 specie
510 3812 543 3854 se
568 3790 780 3854 commendet
803 3788 1003 3876 explicatio,
1035 3811 1119 3875 quae
1145 3788 1256 3862 trium

129 3905 407 3973 Centimanorum
429 3901 568 3965 nomina
587 3902 628 3965 ad
644 3913 710 3966 tres
730 3899 811 3964 anni
826 3911 1042 3987 tempestates,
1054 3922 1154 3986 quam
1173 3922 1257 3987 quae

130 4019 170 4084 ad
197 4018 362 4105 rapientes
390 4014 504 4079 omnia
527 4015 708 4100 procellas,
742 4014 796 4077 vel
820 4013 861 4077 ad
885 4023 1002 4078 ventos
1027 4011 1266 4077 subterraneos*

129 4128 245 4195 refert.
290 4129 476 4217 Amplexus
494 4126 582 4190 hanc
606 4126 789 4190 recentiore
808 4124 916 4188 seculo
940 4125 977 4188 L.
1001 4124 1172 4201 Barlaeus,
1200 4125 1255 4186 cui

18 4288 19 4291 =
131 4243 258 4308 Briarei
277 4265 401 4307 nomen
421 4242 566 4306 alterum
590 4229 732 4326 Αἰγαίων
754 4249 932 4327 cognatum
948 4240 1059 4304 visum
1073 4260 1150 4302 cnm
1167 4228 1257 4326 alpis

18 4336 19 4343 ¹
127 4354 280 4441 procella.
316 4354 438 4419 Maluit
461 4352 628 4430 Clericus,
652 4351 722 4429 hle,
739 4363 778 4415 ut
797 4373 900 4439 saepe,
925 4351 1108 4441 ineptiens,
1133 4351 1169 4415 in
1184 4373 1259 4415 sen-
