<?xml version="1.0" encoding="UTF-8"?>
<!DOCTYPE html PUBLIC "-//W3C//DTD XHTML 1.0 Transitional//EN"
    "http://www.w3.org/TR/xhtml1/DTD/xhtml1-transitional.dtd">
<html xmlns="http://www.w3.org/1999/xhtml" xml:lang="en" lang="en">
 <head>
  <title>
</title>
<meta http-equiv="Content-Type" content="text/html;charset=utf-8" />
  <meta name='ocr-system' content='tesseract 3.04.00' />
  <meta name='ocr-capabilities' content='ocr_page ocr_carea ocr_par ocr_line ocrx_word'/>
</head>
<body>
  <div class='ocr_page' id='page_1' title='image "./hesioditheogoni00lenngoog_0349.png"; bbox 0 0 2967 5209; ppageno 0'>
   <div class='ocr_carea' id='block_1_1' title="bbox 344 507 1230 588">
    <p class='ocr_par' dir='ltr' id='par_1_1' title="bbox 344 507 1230 588">
     <span class='ocr_line' id='line_1_1' title="bbox 344 507 1230 588; baseline 0.005 -5"><span class='ocrx_word' id='word_1_1' title='bbox 344 507 347 511; x_wconf 74' lang='grc'><strong>’</strong></span> <span class='ocrx_word' id='word_1_2' title='bbox 460 540 490 585; x_wconf 82' lang='lat' dir='ltr'><strong>n</strong></span> <span class='ocrx_word' id='word_1_3' title='bbox 513 537 637 587; x_wconf 76' lang='lat' dir='ltr'><strong>ursioni</strong></span> <span class='ocrx_word' id='word_1_4' title='bbox 659 538 873 588; x_wconf 76' lang='lat' dir='ltr'><strong>cumeorum.</strong></span> <span class='ocrx_word' id='word_1_5' title='bbox 1158 514 1230 587; x_wconf 82' lang='lat'><strong>305</strong></span> 
     </span>
    </p>
   </div>
   <div class='ocr_carea' id='block_1_2' title="bbox 16 709 1244 3259">
    <p class='ocr_par' dir='ltr' id='par_1_2' title="bbox 16 709 1244 3259">
     <span class='ocr_line' id='line_1_2' title="bbox 109 709 1231 798; baseline -0.001 -22"><span class='ocrx_word' id='word_1_6' title='bbox 109 712 152 777; x_wconf 91' lang='lat' dir='ltr'><strong>de</strong></span> <span class='ocrx_word' id='word_1_7' title='bbox 173 712 254 789; x_wconf 87' lang='lat' dir='ltr'><strong>Diis,</strong></span> <span class='ocrx_word' id='word_1_8' title='bbox 279 709 400 798; x_wconf 90' lang='lat' dir='ltr'><strong>quibus</strong></span> <span class='ocrx_word' id='word_1_9' title='bbox 415 712 579 777; x_wconf 86' lang='lat' dir='ltr'><strong>offerenda</strong></span> <span class='ocrx_word' id='word_1_10' title='bbox 595 723 691 778; x_wconf 89' lang='lat' dir='ltr'><strong>erant</strong></span> <span class='ocrx_word' id='word_1_11' title='bbox 709 711 880 790; x_wconf 89' lang='lat' dir='ltr'><strong>sacrificia,</strong></span> <span class='ocrx_word' id='word_1_12' title='bbox 897 709 1027 776; x_wconf 85' lang='lat' dir='ltr'><strong>Titanis</strong></span> <span class='ocrx_word' id='word_1_13' title='bbox 1040 710 1231 775; x_wconf 82' lang='lat' dir='ltr'><strong>Promethei</strong></span> 
     </span>
     <span class='ocr_line' id='line_1_3' title="bbox 108 816 1232 914; baseline -0.002 -26"><span class='ocrx_word' id='word_1_14' title='bbox 108 823 266 912; x_wconf 83' lang='lat' dir='ltr'><strong>providae</strong></span> <span class='ocrx_word' id='word_1_15' title='bbox 285 821 477 910; x_wconf 77' lang='lat' dir='ltr'><strong>furentique</strong></span> <span class='ocrx_word' id='word_1_16' title='bbox 495 816 691 889; x_wconf 85' lang='lat' dir='ltr'><strong>hominibus</strong></span> <span class='ocrx_word' id='word_1_17' title='bbox 708 825 861 914; x_wconf 86' lang='lat' dir='ltr'><strong>solertiae</strong></span> <span class='ocrx_word' id='word_1_18' title='bbox 873 824 983 889; x_wconf 88' lang='lat' dir='ltr'><strong>ritum</strong></span> <span class='ocrx_word' id='word_1_19' title='bbox 1001 822 1048 887; x_wconf 90' lang='lat' dir='ltr'><strong>ita</strong></span> <span class='ocrx_word' id='word_1_20' title='bbox 1061 822 1232 911; x_wconf 86' lang='lat' dir='ltr'><strong>partiendi</strong></span> 
     </span>
     <span class='ocr_line' id='line_1_4' title="bbox 108 914 1231 1025; baseline -0.001 -24.076"><span class='ocrx_word' id='word_1_21' title='bbox 108 936 261 1001; x_wconf 89' lang='lat' dir='ltr'><strong>victimas</strong></span> <span class='ocrx_word' id='word_1_22' title='bbox 285 947 458 1025; x_wconf 89' lang='lat' dir='ltr'><strong>acceptum</strong></span> <span class='ocrx_word' id='word_1_23' title='bbox 485 914 698 1002; x_wconf 76' lang='lat' dir='ltr'><strong>referendum</strong></span> <span class='ocrx_word' id='word_1_24' title='bbox 723 959 789 1002; x_wconf 84' lang='lat' dir='ltr'><strong>esse</strong></span> <span class='ocrx_word' id='word_1_25' title='bbox 818 938 1000 1003; x_wconf 80' lang='lat' dir='ltr'><strong>duxerunt.</strong></span> <span class='ocrx_word' id='word_1_26' title='bbox 1048 933 1231 1000; x_wconf 79' lang='lat' dir='ltr'><strong>Scholiasta</strong></span> 
     </span>
     <span class='ocr_line' id='line_1_5' title="bbox 16 1036 1231 1151; baseline -0.001 -39"><span class='ocrx_word' id='word_1_27' title='bbox 16 1056 18 1151; x_wconf 61' lang='grc' dir='ltr'>ξ</span> <span class='ocrx_word' id='word_1_28' title='bbox 106 1066 196 1127; x_wconf 89' lang='lat' dir='ltr'><strong>rem,</strong></span> <span class='ocrx_word' id='word_1_29' title='bbox 226 1071 310 1135; x_wconf 88' lang='lat' dir='ltr'><strong>quae</strong></span> <span class='ocrx_word' id='word_1_30' title='bbox 338 1049 394 1112; x_wconf 83' lang='lat' dir='ltr'><strong>hto</strong></span> <span class='ocrx_word' id='word_1_31' title='bbox 419 1059 594 1127; x_wconf 86' lang='lat' dir='ltr'><strong>narratur,</strong></span> <span class='ocrx_word' id='word_1_32' title='bbox 625 1060 750 1136; x_wconf 90' lang='lat' dir='ltr'><strong>gestam</strong></span> <span class='ocrx_word' id='word_1_33' title='bbox 769 1049 852 1114; x_wconf 90' lang='lat' dir='ltr'><strong>dicit</strong></span> <span class='ocrx_word' id='word_1_34' title='bbox 873 1037 966 1135; x_wconf 68' lang='grc' dir='ltr'><strong>μετὰ</strong></span> <span class='ocrx_word' id='word_1_35' title='bbox 989 1037 1045 1112; x_wconf 64' lang='grc' dir='ltr'><strong>τὶν</strong></span> <span class='ocrx_word' id='word_1_36' title='bbox 1066 1036 1231 1130; x_wconf 71' lang='grc' dir='ltr'><strong>πόλεμον,</strong></span> 
     </span>
     <span class='ocr_line' id='line_1_6' title="bbox 16 1158 1234 1249; baseline -0.002 -25"><span class='ocrx_word' id='word_1_37' title='bbox 16 1158 17 1161; x_wconf 62' lang='grc'>’</span> <span class='ocrx_word' id='word_1_38' title='bbox 106 1160 171 1226; x_wconf 91' lang='lat' dir='ltr'><strong>hoc</strong></span> <span class='ocrx_word' id='word_1_39' title='bbox 192 1171 258 1239; x_wconf 84' lang='lat' dir='ltr'><strong>est,</strong></span> <span class='ocrx_word' id='word_1_40' title='bbox 282 1171 358 1248; x_wconf 83' lang='lat' dir='ltr'><strong>post</strong></span> <span class='ocrx_word' id='word_1_41' title='bbox 384 1158 531 1238; x_wconf 86' lang='lat' dir='ltr'><strong>bellum,</strong></span> <span class='ocrx_word' id='word_1_42' title='bbox 562 1183 627 1248; x_wconf 93' lang='lat' dir='ltr'><strong>quo</strong></span> <span class='ocrx_word' id='word_1_43' title='bbox 657 1161 787 1249; x_wconf 78' lang='lat' dir='ltr'><strong>Iupiter</strong></span> <span class='ocrx_word' id='word_1_44' title='bbox 808 1161 944 1226; x_wconf 88' lang='lat' dir='ltr'><strong>Titanas</strong></span> <span class='ocrx_word' id='word_1_45' title='bbox 964 1160 1110 1237; x_wconf 84' lang='lat' dir='ltr'><strong>vicerat,</strong></span> <span class='ocrx_word' id='word_1_46' title='bbox 1133 1160 1234 1245; x_wconf 84' lang='lat' dir='ltr'><strong>idque</strong></span> 
     </span>
     <span class='ocr_line' id='line_1_7' title="bbox 107 1273 1234 1364; baseline -0.002 -26"><span class='ocrx_word' id='word_1_47' title='bbox 107 1285 140 1338; x_wconf 88' lang='lat' dir='ltr'><strong>et</strong></span> <span class='ocrx_word' id='word_1_48' title='bbox 171 1296 230 1361; x_wconf 86' lang='lat' dir='ltr'><strong>ego</strong></span> <span class='ocrx_word' id='word_1_49' title='bbox 261 1285 380 1361; x_wconf 88' lang='lat' dir='ltr'><strong>putem</strong></span> <span class='ocrx_word' id='word_1_50' title='bbox 412 1295 456 1339; x_wconf 84' lang='lat' dir='ltr'><strong>ex</strong></span> <span class='ocrx_word' id='word_1_51' title='bbox 485 1273 618 1340; x_wconf 87' lang='lat' dir='ltr'><strong>Hesiodi</strong></span> <span class='ocrx_word' id='word_1_52' title='bbox 644 1277 836 1342; x_wconf 82' lang='lat' dir='ltr'><strong>narratione</strong></span> <span class='ocrx_word' id='word_1_53' title='bbox 865 1297 959 1364; x_wconf 85' lang='lat' dir='ltr'><strong>posse</strong></span> <span class='ocrx_word' id='word_1_54' title='bbox 987 1275 1124 1362; x_wconf 84' lang='lat' dir='ltr'><strong>colligi,</strong></span> <span class='ocrx_word' id='word_1_55' title='bbox 1147 1273 1234 1338; x_wconf 90' lang='lat' dir='ltr'><strong>sicut</strong></span> 
     </span>
     <span class='ocr_line' id='line_1_8' title="bbox 106 1385 1234 1474; baseline -0.001 -23"><span class='ocrx_word' id='word_1_56' title='bbox 106 1387 212 1451; x_wconf 89' lang='lat' dir='ltr'><strong>etiam</strong></span> <span class='ocrx_word' id='word_1_57' title='bbox 233 1386 308 1464; x_wconf 91' lang='lat' dir='ltr'><strong>hoc,</strong></span> <span class='ocrx_word' id='word_1_58' title='bbox 330 1385 418 1472; x_wconf 87' lang='lat' dir='ltr'><strong>quod</strong></span> <span class='ocrx_word' id='word_1_59' title='bbox 435 1385 591 1450; x_wconf 78' lang='lat' dir='ltr'><strong>disertius</strong></span> <span class='ocrx_word' id='word_1_60' title='bbox 605 1387 753 1452; x_wconf 83' lang='lat' dir='ltr'><strong>traditur</strong></span> <span class='ocrx_word' id='word_1_61' title='bbox 772 1388 811 1452; x_wconf 90' lang='lat' dir='ltr'><strong>in</strong></span> <span class='ocrx_word' id='word_1_62' title='bbox 830 1386 988 1474; x_wconf 79' lang='lat' dir='ltr'><strong>Aeschyli</strong></span> <span class='ocrx_word' id='word_1_63' title='bbox 1000 1387 1155 1453; x_wconf 66' lang='lat' dir='ltr'><strong>Prome.</strong></span> <span class='ocrx_word' id='word_1_64' title='bbox 1169 1387 1234 1450; x_wconf 79' lang='lat' dir='ltr'><strong>tae</strong></span> 
     </span>
     <span class='ocr_line' id='line_1_9' title="bbox 107 1496 1231 1588; baseline -0.002 -26"><span class='ocrx_word' id='word_1_65' title='bbox 107 1519 208 1586; x_wconf 67' lang='lat' dir='ltr'><strong>seqq„</strong></span> <span class='ocrx_word' id='word_1_66' title='bbox 233 1498 481 1577; x_wconf 78' lang='lat' dir='ltr'><strong>Prometheum,</strong></span> <span class='ocrx_word' id='word_1_67' title='bbox 502 1496 612 1563; x_wconf 89' lang='lat' dir='ltr'><strong>futuri</strong></span> <span class='ocrx_word' id='word_1_68' title='bbox 633 1510 770 1565; x_wconf 87' lang='lat' dir='ltr'><strong>eventus</strong></span> <span class='ocrx_word' id='word_1_69' title='bbox 790 1500 983 1588; x_wconf 84' lang='lat' dir='ltr'><strong>providum,</strong></span> <span class='ocrx_word' id='word_1_70' title='bbox 1001 1499 1088 1566; x_wconf 83' lang='lat' dir='ltr'><strong>Iovis</strong></span> <span class='ocrx_word' id='word_1_71' title='bbox 1106 1497 1231 1586; x_wconf 85' lang='lat' dir='ltr'><strong>potius,</strong></span> 
     </span>
     <span class='ocr_line' id='line_1_10' title="bbox 106 1609 1234 1700; baseline -0.001 -26"><span class='ocrx_word' id='word_1_72' title='bbox 106 1632 210 1697; x_wconf 89' lang='lat' dir='ltr'><strong>quam</strong></span> <span class='ocrx_word' id='word_1_73' title='bbox 233 1609 415 1689; x_wconf 86' lang='lat' dir='ltr'><strong>Titanum,</strong></span> <span class='ocrx_word' id='word_1_74' title='bbox 436 1610 528 1696; x_wconf 90' lang='lat' dir='ltr'><strong>sequi</strong></span> <span class='ocrx_word' id='word_1_75' title='bbox 543 1611 700 1676; x_wconf 87' lang='lat' dir='ltr'><strong>maluisse</strong></span> <span class='ocrx_word' id='word_1_76' title='bbox 718 1623 839 1700; x_wconf 82' lang='lat' dir='ltr'><strong>partes.</strong></span> <span class='ocrx_word' id='word_1_77' title='bbox 886 1611 1000 1697; x_wconf 88' lang='lat' dir='ltr'><strong>Itaque</strong></span> <span class='ocrx_word' id='word_1_78' title='bbox 1018 1633 1114 1675; x_wconf 88' lang='lat' dir='ltr'><strong>causa</strong></span> <span class='ocrx_word' id='word_1_79' title='bbox 1131 1609 1234 1674; x_wconf 87' lang='lat' dir='ltr'><strong>intel·</strong></span> 
     </span>
     <span class='ocr_line' id='line_1_11' title="bbox 106 1722 1237 1812; baseline -0.001 -25"><span class='ocrx_word' id='word_1_80' title='bbox 106 1723 241 1810; x_wconf 87' lang='lat' dir='ltr'><strong>ligitur,</strong></span> <span class='ocrx_word' id='word_1_81' title='bbox 265 1745 326 1788; x_wconf 91' lang='lat' dir='ltr'><strong>cur</strong></span> <span class='ocrx_word' id='word_1_82' title='bbox 349 1724 386 1789; x_wconf 89' lang='lat' dir='ltr'><strong>in</strong></span> <span class='ocrx_word' id='word_1_83' title='bbox 408 1723 647 1811; x_wconf 84' lang='lat' dir='ltr'><strong>disceptatione</strong></span> <span class='ocrx_word' id='word_1_84' title='bbox 669 1723 824 1789; x_wconf 89' lang='lat' dir='ltr'><strong>Meconae</strong></span> <span class='ocrx_word' id='word_1_85' title='bbox 841 1724 971 1812; x_wconf 85' lang='lat' dir='ltr'><strong>Iupiter</strong></span> <span class='ocrx_word' id='word_1_86' title='bbox 983 1722 1237 1789; x_wconf 78' lang='lat' dir='ltr'><strong>arbitrumesse</strong></span> 
     </span>
     <span class='ocr_line' id='line_1_12' title="bbox 107 1832 1237 1925; baseline -0.004 -22"><span class='ocrx_word' id='word_1_87' title='bbox 107 1836 257 1903; x_wconf 86' lang='lat' dir='ltr'><strong>voluerit</strong></span> <span class='ocrx_word' id='word_1_88' title='bbox 286 1836 543 1915; x_wconf 85' lang='lat' dir='ltr'><strong>Prometheum,</strong></span> <span class='ocrx_word' id='word_1_89' title='bbox 574 1836 613 1901; x_wconf 91' lang='lat' dir='ltr'><strong>in</strong></span> <span class='ocrx_word' id='word_1_90' title='bbox 631 1858 731 1922; x_wconf 88' lang='lat' dir='ltr'><strong>quem</strong></span> <span class='ocrx_word' id='word_1_91' title='bbox 751 1837 841 1901; x_wconf 88' lang='lat' dir='ltr'><strong>iram</strong></span> <span class='ocrx_word' id='word_1_92' title='bbox 859 1836 1013 1925; x_wconf 86' lang='lat' dir='ltr'><strong>concepit</strong></span> <span class='ocrx_word' id='word_1_93' title='bbox 1030 1836 1169 1900; x_wconf 85' lang='lat' dir='ltr'><strong>demum</strong></span> <span class='ocrx_word' id='word_1_94' title='bbox 1192 1832 1237 1898; x_wconf 92' lang='lat' dir='ltr'><strong>ob</strong></span> 
     </span>
     <span class='ocr_line' id='line_1_13' title="bbox 108 1949 1235 2038; baseline -0.002 -24"><span class='ocrx_word' id='word_1_95' title='bbox 108 1949 258 2015; x_wconf 87' lang='lat' dir='ltr'><strong>dolosam</strong></span> <span class='ocrx_word' id='word_1_96' title='bbox 291 1951 448 2015; x_wconf 86' lang='lat' dir='ltr'><strong>victimae</strong></span> <span class='ocrx_word' id='word_1_97' title='bbox 473 1950 692 2038; x_wconf 86' lang='lat' dir='ltr'><strong>partitionem</strong></span> <span class='ocrx_word' id='word_1_98' title='bbox 722 1961 757 2015; x_wconf 88' lang='lat' dir='ltr'><strong>et</strong></span> <span class='ocrx_word' id='word_1_99' title='bbox 782 1950 888 2038; x_wconf 86' lang='lat' dir='ltr'><strong>magis</strong></span> <span class='ocrx_word' id='word_1_100' title='bbox 914 1950 1035 2015; x_wconf 88' lang='lat' dir='ltr'><strong>deinde</strong></span> <span class='ocrx_word' id='word_1_101' title='bbox 1058 1949 1101 2014; x_wconf 95' lang='lat' dir='ltr'><strong>ob</strong></span> <span class='ocrx_word' id='word_1_102' title='bbox 1120 1969 1235 2014; x_wconf 89' lang='lat' dir='ltr'><strong>surre-</strong></span> 
     </span>
     <span class='ocr_line' id='line_1_14' title="bbox 108 2063 1236 2151; baseline -0.001 -24"><span class='ocrx_word' id='word_1_103' title='bbox 108 2074 210 2151; x_wconf 89' lang='lat' dir='ltr'><strong>ptum</strong></span> <span class='ocrx_word' id='word_1_104' title='bbox 227 2064 351 2151; x_wconf 87' lang='lat' dir='ltr'><strong>ignem.</strong></span> <span class='ocrx_word' id='word_1_105' title='bbox 377 2101 422 2114; x_wconf 94' lang='lat'><strong>--</strong></span> <span class='ocrx_word' id='word_1_106' title='bbox 450 2063 513 2128; x_wconf 89' lang='lat' dir='ltr'><strong>Pro</strong></span> <span class='ocrx_word' id='word_1_107' title='bbox 539 2085 608 2128; x_wconf 91' lang='lat' dir='ltr'><strong>uno</strong></span> <span class='ocrx_word' id='word_1_108' title='bbox 628 2086 750 2151; x_wconf 89' lang='lat' dir='ltr'><strong>magno</strong></span> <span class='ocrx_word' id='word_1_109' title='bbox 770 2064 872 2143; x_wconf 86' lang='lat' dir='ltr'><strong>bove,</strong></span> <span class='ocrx_word' id='word_1_110' title='bbox 896 2087 997 2151; x_wconf 91' lang='lat' dir='ltr'><strong>quem</strong></span> <span class='ocrx_word' id='word_1_111' title='bbox 1017 2063 1177 2129; x_wconf 88' lang='lat' dir='ltr'><strong>Hesiodus</strong></span> <span class='ocrx_word' id='word_1_112' title='bbox 1201 2084 1236 2127; x_wconf 85' lang='lat' dir='ltr'><strong>v.</strong></span> 
     </span>
     <span class='ocr_line' id='line_1_15' title="bbox 110 2175 1238 2264; baseline -0.004 -21"><span class='ocrx_word' id='word_1_113' title='bbox 110 2179 188 2243; x_wconf 82' lang='lat'><strong>537.</strong></span> <span class='ocrx_word' id='word_1_114' title='bbox 223 2187 408 2255; x_wconf 87' lang='lat' dir='ltr'><strong>memorat,</strong></span> <span class='ocrx_word' id='word_1_115' title='bbox 440 2176 594 2264; x_wconf 85' lang='lat' dir='ltr'><strong>Hyginus</strong></span> <span class='ocrx_word' id='word_1_116' title='bbox 620 2177 657 2242; x_wconf 87' lang='lat' dir='ltr'><strong>P.</strong></span> <span class='ocrx_word' id='word_1_117' title='bbox 686 2175 727 2241; x_wconf 77' lang='lat' dir='ltr'><strong>A.</strong></span> <span class='ocrx_word' id='word_1_118' title='bbox 751 2175 793 2240; x_wconf 92' lang='grc' dir='ltr'><strong>Π.</strong></span> <span class='ocrx_word' id='word_1_119' title='bbox 819 2177 871 2242; x_wconf 83' lang='grc'><strong>15.</strong></span> <span class='ocrx_word' id='word_1_120' title='bbox 900 2175 1138 2242; x_wconf 88' lang='lat' dir='ltr'><strong>Prometheum</strong></span> <span class='ocrx_word' id='word_1_121' title='bbox 1153 2175 1238 2239; x_wconf 83' lang='lat' dir='ltr'><strong>duos</strong></span> 
     </span>
     <span class='ocr_line' id='line_1_16' title="bbox 102 2286 1238 2377; baseline -0.003 -22"><span class='ocrx_word' id='word_1_122' title='bbox 102 2291 346 2355; x_wconf 77' lang='lat' dir='ltr'><strong>&#39;immolantem</strong></span> <span class='ocrx_word' id='word_1_123' title='bbox 368 2288 469 2369; x_wconf 85' lang='lat' dir='ltr'><strong>facit,</strong></span> <span class='ocrx_word' id='word_1_124' title='bbox 497 2311 644 2377; x_wconf 91' lang='lat' dir='ltr'><strong>quorum</strong></span> <span class='ocrx_word' id='word_1_125' title='bbox 672 2311 751 2353; x_wconf 91' lang='lat' dir='ltr'><strong>cum</strong></span> <span class='ocrx_word' id='word_1_126' title='bbox 770 2288 919 2353; x_wconf 92' lang='lat' dir='ltr'><strong>iocinora</strong></span> <span class='ocrx_word' id='word_1_127' title='bbox 946 2287 1102 2375; x_wconf 87' lang='lat' dir='ltr'><strong>primum</strong></span> <span class='ocrx_word' id='word_1_128' title='bbox 1123 2286 1162 2350; x_wconf 90' lang='lat' dir='ltr'><strong>in</strong></span> <span class='ocrx_word' id='word_1_129' title='bbox 1181 2309 1238 2352; x_wconf 84' lang='lat' dir='ltr'><strong>ara</strong></span> 
     </span>
     <span class='ocr_line' id='line_1_17' title="bbox 108 2399 1239 2503; baseline -0.002 -36"><span class='ocrx_word' id='word_1_130' title='bbox 108 2403 287 2490; x_wconf 86' lang='lat' dir='ltr'><strong>posuisset,</strong></span> <span class='ocrx_word' id='word_1_131' title='bbox 320 2402 487 2490; x_wconf 90' lang='lat' dir='ltr'><strong>reliquam</strong></span> <span class='ocrx_word' id='word_1_132' title='bbox 514 2423 648 2466; x_wconf 87' lang='lat' dir='ltr'><strong>carnem</strong></span> <span class='ocrx_word' id='word_1_133' title='bbox 679 2423 723 2466; x_wconf 77' lang='lat' dir='ltr'><strong>ex</strong></span> <span class='ocrx_word' id='word_1_134' title='bbox 752 2412 895 2503; x_wconf 61' lang='lat' dir='ltr'><strong>utroque</strong></span> <span class='ocrx_word' id='word_1_135' title='bbox 919 2411 1036 2477; x_wconf 87' lang='lat' dir='ltr'><strong>tauro,</strong></span> <span class='ocrx_word' id='word_1_136' title='bbox 1066 2399 1106 2464; x_wconf 89' lang='lat' dir='ltr'><strong>in</strong></span> <span class='ocrx_word' id='word_1_137' title='bbox 1129 2421 1239 2465; x_wconf 90' lang='lat' dir='ltr'><strong>unum</strong></span> 
     </span>
     <span class='ocr_line' id='line_1_18' title="bbox 108 2510 1239 2605; baseline -0.004 -24"><span class='ocrx_word' id='word_1_138' title='bbox 108 2515 350 2605; x_wconf 87' lang='lat' dir='ltr'><strong>compositam,</strong></span> <span class='ocrx_word' id='word_1_139' title='bbox 388 2515 480 2580; x_wconf 86' lang='lat' dir='ltr'><strong>corio</strong></span> <span class='ocrx_word' id='word_1_140' title='bbox 510 2513 640 2579; x_wconf 93' lang='lat' dir='ltr'><strong>bubulo</strong></span> <span class='ocrx_word' id='word_1_141' title='bbox 669 2512 816 2591; x_wconf 84' lang='lat' dir='ltr'><strong>texerit,</strong></span> <span class='ocrx_word' id='word_1_142' title='bbox 848 2511 1018 2578; x_wconf 92' lang='lat' dir='ltr'><strong>collocatis</strong></span> <span class='ocrx_word' id='word_1_143' title='bbox 1056 2510 1097 2576; x_wconf 93' lang='lat' dir='ltr'><strong>ab</strong></span> <span class='ocrx_word' id='word_1_144' title='bbox 1133 2511 1239 2576; x_wconf 86' lang='lat' dir='ltr'><strong>altera</strong></span> 
     </span>
     <span class='ocr_line' id='line_1_19' title="bbox 109 2626 1239 2717; baseline -0.004 -23"><span class='ocrx_word' id='word_1_145' title='bbox 109 2641 205 2717; x_wconf 88' lang='lat' dir='ltr'><strong>parte</strong></span> <span class='ocrx_word' id='word_1_146' title='bbox 237 2627 418 2693; x_wconf 90' lang='lat' dir='ltr'><strong>eorundem</strong></span> <span class='ocrx_word' id='word_1_147' title='bbox 439 2626 579 2705; x_wconf 90' lang='lat' dir='ltr'><strong>ossibus,</strong></span> <span class='ocrx_word' id='word_1_148' title='bbox 610 2627 740 2714; x_wconf 88' lang='lat' dir='ltr'><strong>reliqua</strong></span> <span class='ocrx_word' id='word_1_149' title='bbox 770 2628 861 2715; x_wconf 86' lang='lat' dir='ltr'><strong>pelle</strong></span> <span class='ocrx_word' id='word_1_150' title='bbox 890 2627 1058 2702; x_wconf 81' lang='lat' dir='ltr'><strong>contectis.</strong></span> <span class='ocrx_word' id='word_1_151' title='bbox 1105 2626 1147 2690; x_wconf 89' lang='lat' dir='ltr'><strong>In</strong></span> <span class='ocrx_word' id='word_1_152' title='bbox 1168 2646 1239 2690; x_wconf 88' lang='lat' dir='ltr'><strong>uuo</strong></span> 
     </span>
     <span class='ocr_line' id='line_1_20' title="bbox 109 2719 1244 2827; baseline -0.005 -21"><span class='ocrx_word' id='word_1_153' title='bbox 109 2741 192 2808; x_wconf 86' lang='lat' dir='ltr'><strong>bove</strong></span> <span class='ocrx_word' id='word_1_154' title='bbox 224 2740 399 2827; x_wconf 82' lang='lat' dir='ltr'><strong>acquiescit</strong></span> <span class='ocrx_word' id='word_1_155' title='bbox 425 2739 537 2805; x_wconf 88' lang='lat' dir='ltr'><strong>Schol.</strong></span> <span class='ocrx_word' id='word_1_156' title='bbox 568 2739 609 2804; x_wconf 90' lang='lat' dir='ltr'><strong>ad</strong></span> <span class='ocrx_word' id='word_1_157' title='bbox 641 2739 757 2806; x_wconf 81' lang='lat' dir='ltr'><strong>Aesch.</strong></span> <span class='ocrx_word' id='word_1_158' title='bbox 784 2742 897 2808; x_wconf 90' lang='lat' dir='ltr'><strong>Prom.</strong></span> <span class='ocrx_word' id='word_1_159' title='bbox 924 2763 957 2806; x_wconf 86' lang='lat' dir='ltr'><strong>v.</strong></span> <span class='ocrx_word' id='word_1_160' title='bbox 992 2742 1063 2818; x_wconf 83' lang='lat' dir='ltr'><strong>ll.,</strong></span> <span class='ocrx_word' id='word_1_161' title='bbox 1089 2719 1244 2804; x_wconf 69' lang='lat' dir='ltr'><strong>ceterum⁸</strong></span> 
     </span>
     <span class='ocr_line' id='line_1_21' title="bbox 109 2850 1238 2945; baseline -0.005 -26"><span class='ocrx_word' id='word_1_162' title='bbox 109 2853 273 2945; x_wconf 79' lang='lat' dir='ltr'><strong>referens,</strong></span> <span class='ocrx_word' id='word_1_163' title='bbox 297 2854 333 2919; x_wconf 93' lang='lat' dir='ltr'><strong>id</strong></span> <span class='ocrx_word' id='word_1_164' title='bbox 351 2854 450 2941; x_wconf 88' lang='lat' dir='ltr'><strong>egisse</strong></span> <span class='ocrx_word' id='word_1_165' title='bbox 472 2853 729 2933; x_wconf 89' lang='lat' dir='ltr'><strong>Prometheum,</strong></span> <span class='ocrx_word' id='word_1_166' title='bbox 757 2866 797 2918; x_wconf 89' lang='lat' dir='ltr'><strong>ut</strong></span> <span class='ocrx_word' id='word_1_167' title='bbox 814 2854 887 2920; x_wconf 86' lang='lat' dir='ltr'><strong>Iovi</strong></span> <span class='ocrx_word' id='word_1_168' title='bbox 905 2878 996 2933; x_wconf 88' lang='lat' dir='ltr'><strong>ossa,</strong></span> <span class='ocrx_word' id='word_1_169' title='bbox 1025 2854 1141 2917; x_wconf 83' lang='lat' dir='ltr'><strong>ceteris</strong></span> <span class='ocrx_word' id='word_1_170' title='bbox 1164 2850 1238 2916; x_wconf 87' lang='lat' dir='ltr'><strong>Diis</strong></span> 
     </span>
     <span class='ocr_line' id='line_1_22' title="bbox 109 2950 1237 3040; baseline -0.005 -7"><span class='ocrx_word' id='word_1_171' title='bbox 109 2991 223 3033; x_wconf 86' lang='lat' dir='ltr'><strong>carnes</strong></span> <span class='ocrx_word' id='word_1_172' title='bbox 256 2967 419 3032; x_wconf 86' lang='lat' dir='ltr'><strong>cederent.</strong></span> <span class='ocrx_word' id='word_1_173' title='bbox 477 2967 563 3034; x_wconf 91' lang='lat' dir='ltr'><strong>Vult</strong></span> <span class='ocrx_word' id='word_1_174' title='bbox 589 2978 702 3032; x_wconf 84' lang='lat' dir='ltr'><strong>autem</strong></span> <span class='ocrx_word' id='word_1_175' title='bbox 734 2966 902 3031; x_wconf 79' lang='lat' dir='ltr'><strong>Lucienus</strong></span> <span class='ocrx_word' id='word_1_176' title='bbox 923 2950 968 3029; x_wconf 69' lang='lat' dir='ltr'><strong>in¹</strong></span> <span class='ocrx_word' id='word_1_177' title='bbox 988 2965 1101 3029; x_wconf 88' lang='lat' dir='ltr'><strong>Prom.</strong></span> <span class='ocrx_word' id='word_1_178' title='bbox 1132 2986 1161 3030; x_wconf 92' lang='lat' dir='ltr'><strong>c.</strong></span> <span class='ocrx_word' id='word_1_179' title='bbox 1184 2967 1237 3040; x_wconf 89' lang='grc'><strong>3.,</strong></span> 
     </span>
     <span class='ocr_line' id='line_1_23' title="bbox 108 3074 1237 3165; baseline -0.004 -22"><span class='ocrx_word' id='word_1_180' title='bbox 108 3080 209 3146; x_wconf 88' lang='lat' dir='ltr'><strong>illam</strong></span> <span class='ocrx_word' id='word_1_181' title='bbox 239 3079 395 3144; x_wconf 89' lang='lat' dir='ltr'><strong>carnium</strong></span> <span class='ocrx_word' id='word_1_182' title='bbox 426 3079 618 3165; x_wconf 86' lang='lat' dir='ltr'><strong>portionem</strong></span> <span class='ocrx_word' id='word_1_183' title='bbox 655 3078 891 3144; x_wconf 89' lang='lat' dir='ltr'><strong>Prometheum</strong></span> <span class='ocrx_word' id='word_1_184' title='bbox 933 3076 998 3140; x_wconf 92' lang='lat' dir='ltr'><strong>sibi</strong></span> <span class='ocrx_word' id='word_1_185' title='bbox 1032 3074 1101 3163; x_wconf 87' lang='lat' dir='ltr'><strong>ipsi</strong></span> <span class='ocrx_word' id='word_1_186' title='bbox 1132 3075 1237 3141; x_wconf 85' lang='lat' dir='ltr'><strong>desti·</strong></span> 
     </span>
     <span class='ocr_line' id='line_1_24' title="bbox 73 3215 212 3259; baseline 0 -1"><span class='ocrx_word' id='word_1_187' title='bbox 73 3238 77 3251; x_wconf 67' lang='grc'><strong>»</strong></span> <span class='ocrx_word' id='word_1_188' title='bbox 109 3215 212 3259; x_wconf 82' lang='lat' dir='ltr'><strong>nasse.</strong></span> 
     </span>
    </p>
   </div>
   <div class='ocr_carea' id='block_1_3' title="bbox 16 3416 1328 4409">
    <p class='ocr_par' dir='ltr' id='par_1_3' title="bbox 110 3416 1251 3730">
     <span class='ocr_line' id='line_1_25' title="bbox 155 3416 1251 3506; baseline -0.005 -20"><span class='ocrx_word' id='word_1_189' title='bbox 155 3443 189 3486; x_wconf 85' lang='lat' dir='ltr'><strong>v.</strong></span> <span class='ocrx_word' id='word_1_190' title='bbox 215 3418 279 3485; x_wconf 78' lang='lat' dir='ltr'><strong>tat</strong></span> <span class='ocrx_word' id='word_1_191' title='bbox 302 3417 555 3506; x_wconf 89' lang='lat' dir='ltr'><strong>supposititium</strong></span> <span class='ocrx_word' id='word_1_192' title='bbox 577 3418 706 3482; x_wconf 85' lang='lat' dir='ltr'><strong>censuit</strong></span> <span class='ocrx_word' id='word_1_193' title='bbox 726 3417 895 3505; x_wconf 89' lang='lat' dir='ltr'><strong>Guyetus,</strong></span> <span class='ocrx_word' id='word_1_194' title='bbox 917 3439 1012 3480; x_wconf 84' lang='lat' dir='ltr'><strong>causa</strong></span> <span class='ocrx_word' id='word_1_195' title='bbox 1030 3416 1148 3481; x_wconf 89' lang='lat' dir='ltr'><strong>iudicii</strong></span> <span class='ocrx_word' id='word_1_196' title='bbox 1166 3439 1251 3481; x_wconf 89' lang='lat' dir='ltr'><strong>non·</strong></span> 
     </span>
     <span class='ocr_line' id='line_1_26' title="bbox 110 3528 1234 3618; baseline 0 -24"><span class='ocrx_word' id='word_1_197' title='bbox 110 3530 258 3609; x_wconf 89' lang='lat' dir='ltr'><strong>reddita,</strong></span> <span class='ocrx_word' id='word_1_198' title='bbox 281 3550 364 3616; x_wconf 86' lang='lat' dir='ltr'><strong>quae</strong></span> <span class='ocrx_word' id='word_1_199' title='bbox 378 3551 484 3616; x_wconf 89' lang='lat' dir='ltr'><strong>neque</strong></span> <span class='ocrx_word' id='word_1_200' title='bbox 497 3530 615 3595; x_wconf 87' lang='lat' dir='ltr'><strong>idonea</strong></span> <span class='ocrx_word' id='word_1_201' title='bbox 637 3530 786 3594; x_wconf 82' lang='lat' dir='ltr'><strong>inveniri</strong></span> <span class='ocrx_word' id='word_1_202' title='bbox 806 3542 924 3618; x_wconf 88' lang='lat' dir='ltr'><strong>potest.</strong></span> <span class='ocrx_word' id='word_1_203' title='bbox 944 3528 1043 3596; x_wconf 83' lang='lat' dir='ltr'><strong>Cous.</strong></span> <span class='ocrx_word' id='word_1_204' title='bbox 1065 3530 1234 3596; x_wconf 88' lang='lat' dir='ltr'><strong>Muetzell.</strong></span> 
     </span>
     <span class='ocr_line' id='line_1_27' title="bbox 110 3639 247 3730; baseline -0.007 -21"><span class='ocrx_word' id='word_1_205' title='bbox 110 3666 144 3730; x_wconf 89' lang='lat' dir='ltr'><strong>p.</strong></span> <span class='ocrx_word' id='word_1_206' title='bbox 173 3639 247 3709; x_wconf 79' lang='lat'><strong>1&#39;00.</strong></span> 
     </span>
    </p>

    <p class='ocr_par' dir='ltr' id='par_1_4' title="bbox 16 3755 1328 4409">
     <span class='ocr_line' id='line_1_28' title="bbox 154 3755 1236 3843; baseline -0.002 -23"><span class='ocrx_word' id='word_1_207' title='bbox 154 3757 251 3821; x_wconf 84' lang='lat' dir='ltr'><strong>luter</strong></span> <span class='ocrx_word' id='word_1_208' title='bbox 266 3755 359 3819; x_wconf 91' lang='lat' dir='ltr'><strong>hunc</strong></span> <span class='ocrx_word' id='word_1_209' title='bbox 375 3755 507 3821; x_wconf 87' lang='lat' dir='ltr'><strong>versum</strong></span> <span class='ocrx_word' id='word_1_210' title='bbox 528 3766 561 3819; x_wconf 88' lang='lat' dir='ltr'><strong>et</strong></span> <span class='ocrx_word' id='word_1_211' title='bbox 576 3767 766 3840; x_wconf 88' lang='lat' dir='ltr'><strong>sequentem</strong></span> <span class='ocrx_word' id='word_1_212' title='bbox 785 3756 966 3843; x_wconf 84' lang='lat' dir='ltr'><strong>aliquando</strong></span> <span class='ocrx_word' id='word_1_213' title='bbox 978 3776 1112 3822; x_wconf 86' lang='lat' dir='ltr'><strong>versum</strong></span> <span class='ocrx_word' id='word_1_214' title='bbox 1126 3776 1236 3819; x_wconf 88' lang='lat' dir='ltr'><strong>unum</strong></span> 
     </span>
     <span class='ocr_line' id='line_1_29' title="bbox 111 3866 1328 3956; baseline -0.003 -22"><span class='ocrx_word' id='word_1_215' title='bbox 111 3870 297 3943; x_wconf 86' lang='lat' dir='ltr'><strong>alterumve</strong></span> <span class='ocrx_word' id='word_1_216' title='bbox 325 3866 427 3934; x_wconf 86' lang='lat' dir='ltr'><strong>fuisse</strong></span> <span class='ocrx_word' id='word_1_217' title='bbox 454 3867 663 3949; x_wconf 88' lang='lat' dir='ltr'><strong>intersertos,</strong></span> <span class='ocrx_word' id='word_1_218' title='bbox 686 3891 832 3956; x_wconf 90' lang='lat' dir='ltr'><strong>quorum</strong></span> <span class='ocrx_word' id='word_1_219' title='bbox 852 3870 1051 3934; x_wconf 88' lang='lat' dir='ltr'><strong>sententiam</strong></span> <span class='ocrx_word' id='word_1_220' title='bbox 1079 3868 1236 3955; x_wconf 88' lang='lat' dir='ltr'><strong>augurari</strong></span> <span class='ocrx_word' id='word_1_221' title='bbox 1321 3871 1328 3881; x_wconf 88' lang='lat'><em>&#39;</em></span> 
     </span>
     <span class='ocr_line' id='line_1_30' title="bbox 109 3967 1233 4059; baseline 0.003 -15"><span class='ocrx_word' id='word_1_222' title='bbox 109 3981 208 4047; x_wconf 85' lang='lat' dir='ltr'><strong>liceat</strong></span> <span class='ocrx_word' id='word_1_223' title='bbox 228 4005 246 4047; x_wconf 90' lang='lat' dir='ltr'><strong>e</strong></span> <span class='ocrx_word' id='word_1_224' title='bbox 268 3981 378 4049; x_wconf 88' lang='lat' dir='ltr'><strong>verbis</strong></span> <span class='ocrx_word' id='word_1_225' title='bbox 401 3968 509 4059; x_wconf 67' lang='grc' dir='ltr'><strong><em>θνητὸς</em></strong></span> <span class='ocrx_word' id='word_1_226' title='bbox 534 3967 593 4046; x_wconf 71' lang='lat' dir='ltr'><strong>icit</strong></span> <span class='ocrx_word' id='word_1_227' title='bbox 614 3982 651 4046; x_wconf 92' lang='lat' dir='ltr'><strong>in</strong></span> <span class='ocrx_word' id='word_1_228' title='bbox 675 3981 757 4048; x_wconf 82' lang='lat' dir='ltr'><strong>cod.</strong></span> <span class='ocrx_word' id='word_1_229' title='bbox 779 3982 994 4048; x_wconf 88' lang='lat' dir='ltr'><strong>Scholiorum</strong></span> <span class='ocrx_word' id='word_1_230' title='bbox 1009 3980 1147 4048; x_wconf 88' lang='lat' dir='ltr'><strong>Cantab.</strong></span> <span class='ocrx_word' id='word_1_231' title='bbox 1172 3980 1233 4047; x_wconf 88' lang='lat' dir='ltr'><strong>Ed.</strong></span> 
     </span>
     <span class='ocr_line' id='line_1_31' title="bbox 111 4090 1232 4183; baseline 0.004 -28"><span class='ocrx_word' id='word_1_232' title='bbox 111 4090 181 4156; x_wconf 81' lang='lat' dir='ltr'><strong>Bas.</strong></span> <span class='ocrx_word' id='word_1_233' title='bbox 201 4116 237 4180; x_wconf 90' lang='lat' dir='ltr'><strong>p.</strong></span> <span class='ocrx_word' id='word_1_234' title='bbox 258 4094 353 4172; x_wconf 80' lang='lat'><strong>258.,</strong></span> <span class='ocrx_word' id='word_1_235' title='bbox 376 4114 502 4171; x_wconf 80' lang='lat' dir='ltr'><strong>vereor,</strong></span> <span class='ocrx_word' id='word_1_236' title='bbox 523 4105 563 4157; x_wconf 90' lang='lat' dir='ltr'><strong>ut</strong></span> <span class='ocrx_word' id='word_1_237' title='bbox 581 4105 669 4159; x_wconf 88' lang='lat' dir='ltr'><strong>recte</strong></span> <span class='ocrx_word' id='word_1_238' title='bbox 687 4095 825 4183; x_wconf 86' lang='lat' dir='ltr'><strong>colligat</strong></span> <span class='ocrx_word' id='word_1_239' title='bbox 843 4095 1012 4161; x_wconf 81' lang='lat' dir='ltr'><strong>Muetcell.</strong></span> <span class='ocrx_word' id='word_1_240' title='bbox 1032 4096 1151 4181; x_wconf 67' lang='lat' dir='ltr'><strong>prat</strong></span> <span class='ocrx_word' id='word_1_241' title='bbox 1167 4116 1232 4182; x_wconf 85' lang='lat' dir='ltr'><strong>seq.</strong></span> 
     </span>
     <span class='ocr_line' id='line_1_32' title="bbox 110 4201 1233 4286; baseline 0.004 -19"><span class='ocrx_word' id='word_1_242' title='bbox 110 4201 200 4267; x_wconf 89' lang='lat' dir='ltr'><strong>Mihi</strong></span> <span class='ocrx_word' id='word_1_243' title='bbox 221 4206 319 4271; x_wconf 86' lang='lat' dir='ltr'><strong>verba</strong></span> <span class='ocrx_word' id='word_1_244' title='bbox 338 4206 401 4271; x_wconf 88' lang='lat' dir='ltr'><strong>illa</strong></span> <span class='ocrx_word' id='word_1_245' title='bbox 419 4229 490 4271; x_wconf 91' lang='lat' dir='ltr'><strong>non</strong></span> <span class='ocrx_word' id='word_1_246' title='bbox 509 4204 668 4272; x_wconf 83' lang='lat' dir='ltr'><strong>videntur</strong></span> <span class='ocrx_word' id='word_1_247' title='bbox 687 4229 754 4283; x_wconf 81' lang='lat' dir='ltr'><strong>esse</strong></span> <span class='ocrx_word' id='word_1_248' title='bbox 775 4209 909 4286; x_wconf 84' lang='lat' dir='ltr'><strong>lemma3</strong></span> <span class='ocrx_word' id='word_1_249' title='bbox 925 4208 980 4272; x_wconf 84' lang='lat' dir='ltr'><strong>scd</strong></span> <span class='ocrx_word' id='word_1_250' title='bbox 1002 4231 1021 4271; x_wconf 88' lang='lat' dir='ltr'><strong>a</strong></span> <span class='ocrx_word' id='word_1_251' title='bbox 1038 4205 1233 4285; x_wconf 85' lang='lat' dir='ltr'><strong>Scholiasta,</strong></span> 
     </span>
     <span class='ocr_line' id='line_1_33' title="bbox 16 4304 1233 4409; baseline 0.007 -34"><span class='ocrx_word' id='word_1_252' title='bbox 16 4358 18 4375; x_wconf 84' lang='lat'><strong>.</strong></span> <span class='ocrx_word' id='word_1_253' title='bbox 112 4312 305 4384; x_wconf 90' lang='lat' dir='ltr'><strong>Christiano</strong></span> <span class='ocrx_word' id='word_1_254' title='bbox 325 4304 491 4399; x_wconf 80' lang='lat' dir='ltr'><strong>homine,</strong></span> <span class='ocrx_word' id='word_1_255' title='bbox 511 4319 675 4407; x_wconf 86' lang='lat' dir='ltr'><strong>scriptum</strong></span> <span class='ocrx_word' id='word_1_256' title='bbox 691 4318 808 4384; x_wconf 88' lang='lat' dir='ltr'><strong>fuisse:</strong></span> <span class='ocrx_word' id='word_1_257' title='bbox 833 4312 890 4383; x_wconf 71' lang='lat' dir='ltr'><strong>aa)</strong></span> <span class='ocrx_word' id='word_1_258' title='bbox 912 4311 980 4409; x_wconf 62' lang='grc' dir='ltr'><strong>γὰρ</strong></span> <span class='ocrx_word' id='word_1_259' title='bbox 1005 4309 1105 4406; x_wconf 71' lang='grc' dir='ltr'><em>ἤριζεν</em></span> <span class='ocrx_word' id='word_1_260' title='bbox 1133 4309 1149 4382; x_wconf 83' lang='grc' dir='ltr'>ὅ</span> <span class='ocrx_word' id='word_1_261' title='bbox 1177 4308 1233 4384; x_wconf 70' lang='lat' dir='ltr'><strong>aa·</strong></span> 
     </span>
    </p>
   </div>
   <div class='ocr_carea' id='block_1_4' title="bbox 1040 4431 1088 4504">
    <p class='ocr_par' dir='ltr' id='par_1_5' title="bbox 1040 4431 1088 4504">
     <span class='ocr_line' id='line_1_34' title="bbox 1040 4431 1088 4504; baseline 0 0"><span class='ocrx_word' id='word_1_262' title='bbox 1040 4431 1088 4504; x_wconf 88' lang='lat'><strong>20</strong></span> 
     </span>
    </p>
   </div>
   <div class='ocr_carea' id='block_1_5' title="bbox 0 0 1492 5209">
    <p class='ocr_par' dir='ltr' id='par_1_6' title="bbox 0 0 1492 5209">
     <span class='ocr_line' id='line_1_35' title="bbox 0 0 1492 5209; baseline 0 0"><span class='ocrx_word' id='word_1_263' title='bbox 0 0 1492 5209; x_wconf 95' lang='lat' dir='ltr'><strong> </strong></span> 
     </span>
    </p>
   </div>
  </div>
 </body>
</html>
