2967 5209
241 480 316 554 3116
685 503 926 553 concursuras

240 696 328 763 seqq.
357 676 396 739 Σ.
428 678 492 740 995
520 694 613 761 seqq.
634 688 667 740 et
695 673 810 742 fabula
842 676 931 764 apud
954 674 1091 741 Pausan.
1116 675 1142 739 I.
1167 676 1221 739 20.
1241 673 1378 759 liquere
1461 706 1462 709 ¹

240 788 408 867 existimo,
424 785 726 874 fuisea‚antiquitus
742 789 889 854 Vulcani
903 788 1102 876 religionem
1118 789 1260 852 arctiore
1277 808 1376 852 nexu

239 922 318 967 cam
341 901 479 966 lunonis
499 899 663 989 religione
684 901 910 980 coniunctam,
927 901 1022 965 cuius
1040 901 1092 965 rei
1107 899 1217 965 nescio
1230 921 1273 963 an
1288 899 1376 964 haec

239 1034 335 1081 cansa
356 1012 480 1094 fuerit,
504 1016 594 1101 quod
615 1016 654 1080 ia
677 1016 804 1080 Lemno
827 1015 970 1102 aliisque
988 1015 1092 1080 maris
1104 1014 1222 1101 Aegaei
1235 1013 1373 1090 insulis,

238 1128 417 1215 inquibus
438 1128 571 1194 metalli
592 1126 728 1194 fodinae
750 1151 786 1193 ac
806 1125 944 1193 fabrilia
957 1150 1059 1216 opera
1072 1125 1256 1205 fervebant,
1273 1149 1375 1214 prae-

239 1252 291 1305 ter
312 1241 503 1309 Vulcanum
528 1241 707 1328 praecipua
734 1240 898 1328 religione
919 1239 1090 1306 colebatur
1111 1242 1179 1306 Dea
1198 1238 1294 1306 Coeli
1313 1261 1370 1303 re-

239 1353 327 1442 gina,
351 1356 420 1420 sive
442 1355 504 1419 illa
527 1354 706 1420 Phoenicia
728 1352 807 1434 fuit,
832 1356 901 1421 sive
923 1354 1096 1441 Pelasgica.
1131 1354 1216 1419 Nam
1239 1354 1370 1440 pariter

239 1464 417 1531 Phoenices
446 1476 480 1531 et
506 1466 654 1554 Pelasgos
683 1467 761 1532 illas
790 1467 918 1532 insulas
940 1466 1184 1531 habitatoribus
1206 1464 1369 1552 frequen·

238 1590 321 1644 tasse
354 1590 498 1657 constat,
528 1579 617 1644 unde
639 1592 777 1668 apparet
800 1581 921 1658 etiam,
952 1602 1014 1644 cur
1036 1580 1179 1645 Athenis
1205 1601 1278 1644 non
1299 1579 1370 1643 mi-

237 1712 310 1767 nus,
325 1712 437 1777 ,quam
460 1690 597 1768 Lemni,
620 1692 660 1757 in
683 1691 810 1756 honore
833 1690 939 1756 fuerit
961 1692 1106 1760 Vulcani
1128 1691 1258 1779 religio,
1289 1710 1369 1756 oum

237 1801 362 1887 Pelasgi
392 1800 526 1867 Lemnii
547 1802 735 1889 prodantur
757 1803 862 1868 iidem
886 1804 1003 1882 fuisse,
1027 1805 1085 1891 qni
1106 1805 1254 1871 Athenas
1282 1806 1369 1870 olim

226 1926 424 1980 otenuerant.
453 1914 531 1982 Vid.
555 1915 596 1980 11.
620 1914 661 1981 A.
687 1916 751 1982 593
774 1939 861 2003 seqq.
886 1916 949 1983 Od.
975 1918 1018 1983 Θ.
1044 1922 1109 1985 293
1129 1938 1218 2004 seqq.
1242 1918 1365 1984 Herod.

164 2087 166 2092 .
236 2027 282 2093 V.
305 2029 359 2091 26.
384 2027 444 2095 Vl.
469 2029 521 2095 47.
547 2028 701 2116 Thucyd.
727 2030 784 2096 IV.
805 2030 963 2098 109.V11.
990 2035 1044 2098 57.
1068 2032 1222 2098 Eustath.
1237 2055 1270 2121 p.
1289 2034 1366 2098 284.

122 2174 127 2179 =
236 2143 290 2207 ³6.
337 2141 461 2206 Natum
483 2155 597 2208 autem
620 2164 663 2208 ex
686 2143 764 2209 Iove
785 2156 819 2208 et
841 2145 980 2222 lunone,
1005 2147 1060 2209 vel
1082 2168 1125 2210 ex
1148 2146 1276 2211 lunone
1298 2147 1369 2211 sola

234 2253 445 2331 Vulcanum,
469 2252 692 2343 probabiliter
713 2256 783 2321 iam
807 2258 994 2344 antiquitus
1020 2258 1060 2322 ad
1082 2260 1256 2324 coelestem
1279 2259 1370 2347 ignis

234 2365 401 2452 originem
421 2367 624 2447 retulerunt,
648 2370 845 2454 praesertim
868 2368 1097 2435 accedentibus
1119 2368 1265 2450 fabulis,
1284 2394 1368 2459 qnae

234 2478 492 2565 praecipitatum
520 2481 612 2542 coelo
642 2479 835 2546 Vulcanum
865 2481 1005 2547 ferrent.
1039 2483 1118 2551 Vid.
1142 2483 1314 2550 Cornutus
1334 2509 1364 2549 e.

237 2588 289 2655 19.
324 2590 514 2655 Heraclides
546 2614 581 2678 p.
618 2592 693 2657 445.
733 2593 945 2680 Porphyrius
977 2596 1067 2682 apud
1097 2595 1220 2660 Euseb.
1250 2597 1365 2684 Praep.

234 2705 360 2790 Euang.
386 2703 446 2768 111.
465 2706 516 2768 11.
540 2725 575 2790 p.
593 2706 669 2768 112.
686 2706 725 2770 Α.
750 2706 905 2772 Eustath.
930 2729 965 2793 p.
990 2709 1066 2773 151.
1091 2710 1135 2771 24
1157 2731 1246 2796 seqq.
1271 2707 1365 2775 Serv.

233 2818 274 2907 ad
298 2818 381 2882 Aen.
404 2815 510 2884 VIII..
523 2816 601 2883 414.
634 2815 698 2882 Sed
720 2818 882 2884 Hesiodus
901 2819 958 2883 hie
979 2821 1018 2884 in
1035 2821 1188 2889 Vulcano
1209 2844 1279 2887 non
1295 2835 1367 2887 tam

232 2929 321 3017 ignia
332 2929 442 2994 Deum
459 2930 638 3017 spectavit,
652 2952 755 3017 quam
769 2924 978 3019 praebueris
992 2932 1199 2999 Coelestibus
1220 2928 1368 3023 τεχνῇσι

232 3035 433 3126 mmor
458 3041 506 3132 (r.
526 3040 629 3130 929),
655 3064 755 3130 quem
782 3045 1007 3110 aemulatione
1029 3047 1128 3111 ducta
1153 3049 1238 3112 luno
1260 3068 1368 3135 oppo-

232 3172 312 3223 nere
336 3156 484 3221 voluerit
510 3156 598 3223 loris
619 3156 710 3222 filiae
732 3144 873 3245 ἓργανῇ,
895 3158 1029 3243 qualern
1050 3158 1211 3225 Hesiodus
1236 3160 1368 3226 Miner·

231 3288 311 3334 ram
327 3268 415 3332 item
436 3281 589 3335 noverat.
613 3269 691 3337 Vid.
709 3250 806 3358 Ἔργ.
830 3273 884 3336 63.
911 3270 986 3337 428.
1035 3257 1043 3272 ’
1111 3336 1115 3344 ,

277 3492 423 3564 Versum
440 3491 505 3561 929
526 3505 651 3560 temere
664 3493 906 3566 Wintertonus
925 3498 1076 3585 sequenti
1092 3498 1365 3585 postponendum

231 3608 350 3686 duxit,
385 3626 485 3695 quem
515 3608 644 3696 egregie
675 3606 842 3676 refutauit
870 3608 1081 3675 Maenalius
1101 3633 1137 3698 p.
1159 3613 1235 3684 87..
1253 3612 1367 3675 citatis

231 3720 356 3786 aman
385 3701 626 3789 asennaeum
656 3718 886 3788 cotronensis
918 3721 1082 3810 exemplis
1110 3722 1153 3788 n.
1185 3723 1225 3789 1.
1255 3727 1365 3789 no-

195 3819 201 3831 s
235 3839 310 3900 aas..
333 3831 386 3897 n.
403 3832 442 3897 11
464 3855 530 3919 seq.
558 3830 621 3900 oa.
652 3834 679 3899 1.
706 3836 850 3900 11-11,
879 3857 980 3923 supra
1005 3837 1193 3903 5111-511.
1239 3839 1299 3904 ast
1323 3859 1364 3901 eo

232 3968 331 4020 uersu
349 3935 511 4030 ζαμέωισε
532 3945 624 4012 inter
645 3933 742 4027 ἅπαξ
766 3936 942 4036 λεγόμενα.
1065 3952 1068 3955 ’

214 4244 217 4251 ,
277 4173 352 4238 Post
373 4192 507 4238 versum
536 4176 601 4241 928
623 4173 724 4264 (non,
755 4185 796 4239 ut
819 4174 895 4240 dixi
922 4176 961 4240 in
982 4177 1082 4245 Varr.
1103 4178 1210 4245 lectt.
1230 4188 1304 4264 post
1327 4200 1359 4242 v.

232 4282 329 4371 929.)
356 4286 501 4367 dandus,
526 4284 633 4352 sicubi
655 4285 761 4365 forte,
788 4289 880 4353 loeus
900 4289 953 4367 iis,
973 4310 1057 4377 quae
1075 4290 1169 4378 apud
1190 4289 1359 4354 Galenum
