2967 5209
466 543 497 588 1n
523 540 647 589 uastam
670 539 888 588 rauoeouttu.
1173 511 1263 584 231

123 706 268 775 Eudooia
292 729 327 795 p.
346 707 422 774 417.
464 708 515 775 Ad
534 708 638 774 maris
658 697 837 796 περιφορὰν
857 705 1010 772 referunt
1029 707 1133 772 etiam
1142 704 1245 773 Scho-

120 820 171 885 lia
201 817 237 884 h.
264 820 291 885 1.
328 819 522 907 Hermanno
561 833 682 889 autem·
709 818 833 910 Opcso.
872 820 917 886 ΙΙ.
949 843 983 909 p.
1015 822 1089 887 179.
1125 807 1246 907 Φόρκυς

120 944 171 998 est
189 932 331 1015 Furcae,
354 956 420 1023 quo
440 936 680 1023 promontoria,
703 934 827 1022 inquit,
849 945 882 1000 et
894 933 1005 1020 quivis
1028 932 1091 998 alii
1111 943 1244 998 exstan-

121 1055 170 1109 tes
201 1043 239 1109 in
268 1046 358 1111 mari
392 1046 527 1135 scopuli
557 1046 763 1113 indicantur.
817 1047 982 1135 Equidem
1015 1046 1087 1133 ipse
1116 1066 1247 1132 quoque

119 1157 254 1239 Fuscus,
278 1158 382 1221 Furea
404 1168 438 1222 et
458 1147 577 1246 Φόρκυς
598 1171 736 1247 cognata
762 1181 827 1224 esse
849 1169 932 1247 puto
951 1156 1126 1235 vocabula,
1152 1157 1207 1222 sed
1226 1181 1246 1220 a

119 1262 297 1357 πέφορκα,
320 1267 494 1336 auferendi
515 1269 771 1358 significatione,
792 1272 901 1337 ducta.
945 1268 1044 1357 Apud
1074 1269 1244 1357 Lycophr.

119 1404 156 1447 v.
181 1382 244 1447 477
264 1404 329 1469 seq.
353 1370 464 1477 λάιμῷ
489 1372 600 1469 φὸρκῳ
625 1382 770 1472 (belluae
785 1382 952 1461 marinae,
972 1382 1028 1446 oui
1043 1381 1174 1446 Priami
1194 1406 1246 1447 so-

118 1515 181 1557 ror
210 1493 350 1559 Hesione
375 1494 535 1582 exposita)
558 1495 759 1583 Interpretes
775 1509 903 1583 gutture
925 1518 1005 1558 cano
1027 1494 1246 1560 reddiderunt

118 1608 304 1672 secundum
319 1628 419 1694 supra
431 1608 568 1673 citatam
582 1607 742 1695 Hesychii
758 1608 909 1694 glossam.
954 1606 1104 1686 Dubitas,
1120 1629 1163 1672 an
1176 1630 1246 1674 non

117 1720 235 1807 potius
254 1717 461 1784 reddendum
483 1717 588 1785 fuerit
610 1727 731 1806 rapaci.

166 1967 199 2012 v.
222 1934 417 2037 23812τῶ
441 1931 683 2033 καλλιπάρῃον)
707 1942 865 2009 Solemue
880 1943 944 2009 hoc
968 1945 1053 2010 Deae
1071 1945 1246 2033 epitheton

118 2056 211 2146 apud
232 2056 430 2135 Hesiodum,
455 2057 558 2121 etiam
582 2079 661 2121 cum
680 2056 743 2120 sub
762 2057 848 2122 Deae
866 2056 1067 2121 nominares
1079 2069 1249 2122 monstro-

117 2192 173 2235 sae
191 2181 289 2258 atque
309 2168 495 2235 horrendae
517 2171 635 2235 latent.
660 2167 760 2236 Conf.
780 2166 872 2232 infra
896 2191 928 2234 v.
950 2172 1028 2236 270.
1052 2170 1128 2236 298.

90 2291 99 2299 “
166 2283 216 2350 Aa
238 2270 332 2361 Karia
354 2281 410 2348 Gl.
431 2282 504 2348 Par.
526 2281 563 2349 C.
588 2272 627 2345 rt
652 2269 785 2350 πλάτος
809 2272 865 2343 aa)
885 2277 924 2345 rb
946 2268 1063 2365 βάθος.
1086 2280 1248 2346 Herman-

118 2422 166 2464 no
183 2399 208 2465 1.
225 2420 254 2463 c.
278 2386 373 2477 Karia
393 2407 441 2461 est
451 2394 560 2472 laeua,
575 2392 709 2459 affinem
719 2414 799 2457 cum
813 2389 916 2459 r'erbo
937 2381 1065 2460 κεῖσθαι
1079 2395 1244 2482 originem

117 2510 263 2589 habena,
290 2532 375 2598 quae
392 2508 533 2574 latentia
558 2505 620 2571 sub
639 2505 740 2571 undis
765 2528 844 2569 saxa
865 2506 1085 2593 occultosque·
1097 2508 1249 2595 scopulos

117 2624 295 2712 significet.
340 2622 438 2690 Mihi·
454 2620 567 2710 potius
586 2631 638 2685 est
660 2618 843 2706 Capacum,
871 2619 1045 2684 continens
1064 2620 1102 2684 in
1125 2643 1159 2684 se
1177 2642 1247 2685 ma-

117 2760 185 2826 gna
208 2738 322 2802 omnia
351 2747 449 2822 atque
471 2734 652 2812 immania,
681 2744 751 2797 oete
769 2743 803 2797 et
821 2731 924 2796 huius
941 2734 1069 2820 generis
1092 2734 1180 2812 alia,
1208 2746 1248 2798 ut

116 2851 166 2915 sit
191 2851 292 2939 stirps
314 2838 403 2928 aaa,
429 2832 522 2936 χάω.
552 2843 698 2911 Suadent
718 2844 782 2908 hoc
806 2846 966 2911 vocabula
988 2834 1173 2928 tardere-a,
1187 2864 1249 2931 με·

116 2950 281 3052 mine-
305 2962 406 3031 conf..
426 2960 535 3050 noyn.
561 2961 602 3025 aa
621 2961 662 3026 11.
682 2961 718 3026 Β.
742 2962 817 3025 rat.
844 2960 889 3024 e.
913 2959 990 3024 222.

165 3213 197 3253 v.
223 3191 299 3257 239.
322 3176 493 3275 Εὐρυβίην)
516 3184 667 3251 Dubium
682 3206 747 3249 esse
766 3184 828 3248 vix
841 3195 965 3272 potat,
982 3186 1066 3272 quin
1085 3187 1248 3275 perhanc

115 3302 226 3368 Deam
246 3300 453 3389 significetur
472 3299 588 3386 iugens
612 3296 794 3375 rimaris,
818 3319 897 3361 saxa
914 3299 1115 3378 excavantis,
1143 3299 1247 3367 moles

116 3435 279 3501 aggerum
301 3412 498 3489 sternentis,
529 3406 663 3498 navigia
683 3410 837 3497 quamvis
864 3433 983 3499 magua
1011 3411 1246 3479 subvertentis.

115 3526 254 3593 Dicitur
274 3525 355 3590 hino
375 3546 504 3613 quoque
525 3515 649 3612 Τρίτων
662 3508 811 3610 εὐρυβίης
833 3522 898 3588 Th.
917 3527 992 3590 931.
1017 3517 1167 3612 εὐρυβίας
1178 3530 1247 3594 Πο-

107 3615 260 3704 ¹derideat
281 3638 370 3728 apud
394 3632 583 3744 Pindarum
601 3635 657 3704 01.
677 3636 736 3703 VI.
762 3640 815 3702 98.

163 3888 222 3934 vv.
252 3866 429 3932 rto-264
454 3877 640 3930 recensetur
669 3887 845 3931 numerosa
871 3866 968 3930 Nerei
993 3865 1118 3931 soboles
1143 3892 1160 3933 e
1181 3870 1246 3934 Do·

119 3979 194 4043 ride
214 3976 339 4044 Oceani
355 3978 438 4044 filia.
461 3976 613 4066 Viguisae
620 3978 800 4043 Nereidum
811 3979 1009 4068 religionem
1027 3978 1062 4044 in
1076 3984 1249 4049 maritima

120 4094 317 4181 Magnetum
335 4116 393 4159 ora
416 4091 554 4181 Sepiade
573 4104 688 4157 auctor
707 4092 958 4158 estHerodotus
978 4095 1053 4161 VII.
1078 4099 1137 4162 191
1161 4112 1247 4165 extr.

121 4202 223 4273 Cous.
255 4206 374 4294 Eurip.
408 4205 513 4272 Andr.
543 4225 580 4268 vs
612 4204 694 4267 1241
730 4226 818 4293 seqq.
854 4206 914 4272 Ed.
940 4206 1061 4274 Matth.
1109 4208 1171 4291 Sed
1198 4236 1249 4278 eas

121 4318 224 4384 etiam
248 4320 285 4386 in
305 4320 380 4386 aliis
403 4310 559 4386 Graeciae
579 4319 661 4387 loeis
686 4321 792 4385 cultas
810 4321 903 4387 docet
920 4322 1091 4391 Pausanias
1114 4325 1155 4417 ΙΙτ
1172 4328 1198 4393 Ι.
1215 4332 1246 4394 7.
