2967 5209
238 491 308 566 154
683 517 927 569 counanimis

235 688 391 756 homines
411 688 613 778 imperium:
642 684 776 777 fuitque
800 692 883 758 item
913 692 951 758 in
971 692 1177 760 carminibus
1206 696 1371 784 proxime

236 803 447 892 Theogoniae
469 801 623 869 subiectis
645 805 834 894 arctiusque
854 826 933 871 cum
955 828 992 872 ea
1012 807 1201 873 coniunctis
1214 809 1370 898 plurima

235 916 419 983 hominum
434 917 564 1005 generis
585 917 729 983 mentio.
767 917 954 1008 Gigantum
976 919 1113 986 nonnisi
1135 918 1273 988 brevior
1292 945 1371 990 1222-

236 1030 345 1098 moria
364 1040 472 1096 exstat
492 1030 558 1095 Th.
585 1052 616 1097 v.
640 1033 702 1097 185
726 1053 794 1120 seq.
815 1043 963 1098 attamen
983 1042 1025 1097 ut
1041 1032 1260 1117 bellatorum
1277 1037 1372 1102 unde

235 1143 371 1211 videtur
390 1142 503 1225 etiam.
512 1142 792 1231 Gigantomachia
812 1157 892 1211 nota
912 1143 1013 1211 fuisse
1030 1142 1181 1226 Hesiodo,
1198 1150 1369 1236 quamvis,

236 1279 280 1321 an
300 1256 437 1322 uberius
454 1279 529 1322 eam
547 1256 673 1323 alicubi
694 1258 950 1340 memoraverit,
974 1260 1064 1327 hand
1083 1272 1222 1328 constet.

281 1508 314 1550 v.
349 1488 405 1551 36.
439 1481 517 1565 τύνη
547 1471 715 1551 Μουσάων
729 1533 733 1547 .
746 1473 962 1575 ἀρχώμεθα.)
1004 1487 1125 1552 Exstat
1156 1482 1234 1568 τύνη
1265 1490 1373 1556 etiam

229 1579 324 1687 ’‘aay.
351 1602 403 1666 10.
425 1600 515 1688 apua
539 1598 638 1664 nom.
667 1598 709 1664 11.
735 1600 774 1664 n.
799 1598 875 1665 222.
904 1599 938 1665 z,
968 1599 1046 1665 222.
1076 1598 1122 1666 Μ.
1142 1601 1219 1667 aar.
1243 1601 1288 1670 u.
1313 1603 1370 1671 ot.

237 1710 278 1776 Τ.
304 1712 356 1778 10.
380 1713 424 1778 Ω.
448 1712 526 1781 465.
552 1734 682 1800 semper
701 1733 765 1799 pro
788 1702 852 1793 cd,
875 1711 1158 1798 quemadmodum
1182 1713 1287 1778 etiam
1308 1736 1374 1781 ex-

121 1902 123 1906 ,
236 1824 386 1913 plicatur
412 1848 430 1890 2
455 1823 712 1902 Grammaticis,
741 1824 902 1911 Apollon.
925 1825 1008 1923 Lex.
1033 1825 1072 1890 in
1092 1847 1126 1892 v.
1151 1826 1192 1891 de
1209 1826 1371 1893 Pronom.

236 1959 272 2025 p.
294 1937 347 2003 69.
372 1938 488 2024 Etym.
507 1936 554 2005 M.
580 1959 614 2026 p.
636 1938 712 2002 315.
740 1937 794 2003 41.
818 1938 961 2017 Zonara,
989 1937 1075 2006 21112.
1122 1937 1259 2006 Scholia
1284 1964 1373 2029 quo·

235 2074 301 2140 que
325 2051 424 2118 adh.
450 2054 478 2117 1.
498 2051 583 2116 item
609 2049 666 2117 Gl.
691 2052 764 2120 Par.
786 2051 824 2121 C.
850 2046 937 2131 τύνη·
953 2040 998 2116 σὺ
1015 2038 1061 2118 δέ.
1089 2052 1245 2140 Plerique
1264 2053 1371 2119 etiam

236 2165 437 2253 interpretes
455 2165 487 2229 O
508 2178 543 2229 tu
567 2162 803 2246 reddiderunt3
831 2188 907 2253 orgo
935 2164 1069 2253 primus
1090 2163 1293 2245 Schmidius,
1316 2167 1373 2232 de·

236 2277 316 2343 inde
335 2276 578 2349 Wintertonus
598 2289 632 2343 et
658 2278 739 2357 alii,
769 2278 900 2358 neseio,
925 2301 969 2343 an
989 2279 1055 2343 hoc
1074 2279 1173 2345 unice
1190 2281 1310 2360 secuti,
1333 2290 1374 2345 ut

237 2379 440 2457 concinnior·
459 2402 541 2457 esset
559 2391 804 2456 sententiarum
822 2413 940 2457 nexus.
986 2391 1073 2457 Nam
1095 2387 1172 2471 τύνη
1190 2392 1226 2459 id
1241 2392 1373 2481 signifi·

127 2510 128 2515 ’
236 2525 312 2569 care
330 2504 460 2592 nequit.
484 2503 626 2592 Propius
640 2503 681 2567 ad
702 2525 823 2570 verum
842 2504 968 2570 accedit
989 2505 1225 2594 interpretatio
1241 2505 1375 2595 Guyeti

237 2641 317 2705 age,
342 2618 488 2705 agedum.
534 2618 696 2683 Attamen
717 2615 780 2683 ille
801 2616 965 2685 mendum
991 2615 1119 2682 subesse
1137 2619 1278 2698 censuit,
1298 2640 1373 2683 eor·

140 2718 141 2723 ¹
236 2728 416 2817 rigandum
435 2728 580 2795 scribens
597 2720 721 2812 robor,
744 2728 834 2817 quod
849 2729 974 2795 merito
988 2729 1197 2819 improbavit
1205 2728 1372 2810 wolfius,

237 2853 278 2907 ut
302 2840 423 2908 Atticis
443 2840 661 2931 scriptoribus
680 2841 898 2923 conveniens,
921 2865 991 2909 non
1014 2841 1262 2932 antiquioribus
1286 2847 1373 2932 poe-

238 2957 292 3021 tis.
337 2955 418 3024 Visa
434 2966 550 3021 tamen
571 2955 675 3023 etiam
692 2955 827 3026 Wolfio
846 2954 966 3021 durior
987 2953 1373 3045 Scholiastaeiuterpre·

239 3070 337 3135 tatio.
386 3048 450 3137 Sed
472 3069 593 3158 quidni
615 3066 693 3150 τύνη
715 3069 847 3134 dietum
874 3069 1030 3137 videatur
1051 3065 1094 3133 ab
1116 3070 1311 3158 alloquente
1340 3081 1375 3135 et

239 3183 439 3250 adhortante
463 3197 568 3251 semet
586 3182 722 3274 ipsum?
775 3183 934 3251 Contulit
951 3183 1021 3249 iam
1041 3180 1271 3272 Goattlingiuc
1292 3183 1375 3250 haec

239 3297 369 3384 Vlyssis
395 3297 492 3386 ‘apud
524 3299 712 3364 Homerum
747 3295 811 3363 Od.
845 3296 884 3363 T.
920 3298 973 3362 18.
1007 3283 1146 3362 strauit
1181 3283 1220 3377 δὴ
1246 3284 1374 3385 repudia,

241 3409 446 3498 Theognidis
470 3414 546 3477 007.
585 3402 710 3497 τόλμαι,
735 3399 833 3496 θυμὲ,
856 3403 1015 3490 κακοῖσιν,
1039 3396 1127 3493 ’ὅμως
1152 3398 1288 3488 ἄτλητα
1310 3426 1374 3473 πε·

240 3509 382 3604 wealde,
410 3523 609 3589 Archilochi
631 3526 719 3613 apud
738 3522 919 3589 Stobaeum
933 3524 1008 3589 XX.
1023 3540 1057 3611 p.
1084 3524 1158 3589 170.
1169 3510 1266 3606 00221,
1282 3510 1373 3608 θύμ’,

241 3625 454 3726 ἀμηχάνοισι
488 3624 618 3716 sidero
651 3623 834 3720 κυκώμενε,
869 3635 1042 3725 Aristoph.
1073 3636 1156 3703 Aah.
1188 3637 1264 3701 450.
1295 3637 1372 3703 480.

242 3731 266 3814 ὦ
292 3737 368 3836 θύμ’
393 3739 469 3816 ἄνευ
495 3736 673 3819 σκάνδικος
697 3734 914 3836 ἐμπορευτέα.
942 3747 1081 3815 Aristot.
1113 3749 1211 3814 Polit.
1236 3748 1313 3816 VII.
1339 3749 1371 3813 6.

243 3855 460 3954 Ἀρχὶλνχος
490 3893 539 3908 -
569 3856 637 3933 τοῖς
671 3852 782 3948 Φίλοις
812 3847 966 3952 ἐγκαλῶν
999 3850 1197 3951 διαλέγεται
1216 3851 1296 3948 apte
1317 3851 1373 3924 τὸν

242 3964 352 4062 θυμόν·
373 3967 417 4040 σὺ
440 3967 509 4065 ’γὰρ
535 3964 577 4057 db
597 3966 692 4065 πυρέι
714 3963 821 4062 φίλων
847 3961 1046 4065 ἀπάγχεαι.
1092 3975 1224 4061 Quibus
1239 3984 1372 4063 praeter

241 4080 385 4173 citatum
407 4090 478 4156 iam
506 4091 549 4155 ab
575 4090 649 4180 ipso
668 4090 801 4161 Wolfio
820 4088 1005 4155 Pindarum
1033 4088 1090 4157 Ol.
1111 4090 1137 4154 1.
1164 4094 1268 4175 tsaq.
1293 4085 1372 4155 *addi

243 4202 404 4291 inprimis
433 4182 576 4293 poterit,
610 4204 651 4269 de
681 4222 748 4290 quo
777 4203 927 4292 optimus
955 4201 1092 4266 monuit
1126 4220 1182 4266 me
1216 4200 1369 4277 Geelius,

218 4315 417 4406 ‘Aristoph
431 4317 576 4387 hobam.
597 4317 672 4382 954.
698 4305 870 4382 ὑπόκυπτε
895 4306 958 4380 aba
976 4309 1078 4379 τύλαν
1093 4299 1164 4395 ’νὐν,
1186 4303 1369 4403 Ἰυμῆνὶχ2
