2967 5209
472 535 506 581 us
527 535 652 584 nrs1ou1
674 536 887 607 runocouuu.
1170 508 1243 583 245

163 729 195 771 v.
213 708 280 771 295
299 717 333 771 et
355 727 440 792 seqq.
460 706 547 792 quod
565 729 642 772 eum
667 708 705 773 in
729 709 869 773 modum
889 707 1159 795 praecedentibus
1180 707 1242 770 ad·
1361 778 1374 795 κ

116 820 225 884 iuncti
239 829 329 899 sunt,
349 830 398 896 ut,
420 841 503 905 quae
526 817 632 885 fuerit
650 822 768 909 poitae
786 843 885 908 super
901 820 1071 886 Echidnae
1088 819 1242 906 parenti·

116 930 180 995 bus
203 930 383 1010 sententia,
404 930 466 996 sub
493 930 738 998 dubitationem
761 933 873 1012 cadat,
897 926 1060 1020 'quodque
1084 931 1241 1020 Apollod.

119 1044 163 1112 Π.
185 1045 268 1110 1.2.
292 1042 479 1108 Echidnam
501 1034 675 1132 Ταρτάρου
700 1039 758 1111 καὶ
781 1040 843 1126 Γῆς
864 1045 974 1110 filiam
994 1045 1160 1132 appellat,
1182 1064 1243 1108 ea·

17 1166 19 1171 ’
117 1180 184 1245 que
200 1156 390 1244 genealogia
411 1167 445 1220 et
467 1156 637 1223 Echidnae
658 1169 692 1223 et
713 1169 893 1246 gnatorum
915 1169 1054 1222 naturae
1073 1156 1245 1245 explican-

18 1284 19 1287 ’
117 1270 181 1335 dae
209 1290 277 1332 nna
305 1268 462 1332 omnium
493 1269 642 1335 maxime
671 1281 719 1336 est
742 1270 908 1359 apposita,
931 1268 1150 1356 quamobrem
1178 1267 1247 1333 tri·

119 1380 251 1446 buenda
271 1379 411 1446 Hesiodo
433 1379 540 1446 videri
563 1382 684 1469 possit,
709 1383 783 1447 ideo
797 1380 1015 1447 Muetzellius'
1026 1403 1063 1470 p.
1086 1382 1162 1448 452.
1176 1402 1246 1445 non

120 1494 250 1560 alienus
278 1504 327 1559 est
355 1474 604 1571 aconiectura,
629 1516 743 1559 versus
767 1496 962 1576 ast-332,
987 1495 1047 1580 qui
1078 1492 1248 1580 aptissime

119 1607 213 1671 iuter
240 1627 273 1670 se
301 1605 452 1692 colligati
482 1617 579 1686 sunt,
612 1607 717 1671 aliam
745 1607 837 1681 ‚olim
861 1607 899 1671 in
921 1606 1113 1693 Theogonia
1138 1605 1248 1669 sedem

121 1719 286 1794 habuisse.
316 1718 443 1785 Verum
463 1719 554 1783 enim
578 1741 656 1784 vero
681 1720 741 1785 vix
764 1731 822 1798 ost,
847 1730 886 1784 ut
909 1720 952 1784 iis
974 1719 1079 1783 aliam
1099 1740 1251 1783 commo·

121 1833 201 1897 dam
223 1833 260 1898 in
283 1854 320 1897 ea
342 1831 451 1897 sedem
473 1832 635 1911 invenias,
658 1833 728 1898 sive
751 1856 862 1920 supra,
886 1840 962 1920 post
983 1833 1097 1897 locum
1118 1831 1159 1896 de
1169 1831 1251 1894 Ter·

122 1968 179 2009 rae
200 1968 242 2011 ex
255 1944 356 2012 Coelo
370 1942 496 2024 liberis,
517 1945 586 2010 sive
606 1943 709 2025 infra,
730 1946 790 2012 ubi
807 1947 933 2011 dicitur
942 1968 985 2010 ex
996 1945 1137 2010 Tartaro
1148 1944 1250 2008 Terra

122 2069 199 2144 post
220 2055 399 2122 debellatos
422 2057 557 2121 Titanes
581 2047 767 2121 ὁπλότατον
794 2020 908 2123 uuida(
921 2058 1060 2124 edidisse
1074 2048 1248 2144 Typhoia.

125 2170 263 2238 Constat
285 2180 406 2247 autem,
431 2168 678 2256 Apollodorum
699 2190 794 2258 saepe
815 2170 899 2235 alios
924 2182 1075 2236 secutum
1095 2190 1161 2234 esse
1181 2168 1253 2234 Au-

124 2294 241 2360 ctores,
264 2304 367 2369 quam
388 2280 584 2375 Hesiodump
604 2283 693 2368 quod
715 2283 755 2348 in
777 2283 851 2348 loco
873 2284 975 2348 citato
998 2306 1102 2371 paene
1123 2292 1254 2346 certum

123 2407 181 2461 ast,
202 2394 398 2473 obtinuisse,
432 2417 511 2458 cum
533 2393 583 2458 ihi
602 2395 707 2475 occisa
732 2395 773 2460 ab
801 2395 889 2485 Argo
910 2395 1063 2463 Echidna
1083 2394 1252 2470 tradatur,

125 2531 213 2596 quae
241 2509 422 2572 secundum
456 2507 636 2573 Hesiodum
669 2509 717 2595 (v.
749 2508 842 2596 305.)
866 2508 935 2575 fuit
974 2497 1155 2589 diuisores,
1195 2527 1256 2570 nec

126 2621 312 2709 quidquam
333 2620 465 2685 credere
486 2642 546 2684 nos
562 2630 663 2697 vetat,
683 2619 802 2707 priscis
816 2620 1021 2686 Graecorum
1039 2618 1164 2685 fabulis
1177 2618 1256 2706 plu·

127 2754 180 2799 res
202 2754 239 2798 ac
259 2733 403 2798 diversas
425 2732 603 2798 celebratas
616 2731 718 2797 fuisse
736 2734 913 2800 Echidnas.
946 2732 1044 2820 Quod
1059 2745 1172 2797 autem
1183 2740 1258 2819 post
1298 2805 1301 2811 ,

128 2839 197 2910 τὸν
219 2837 293 2928 μὲν
318 2834 370 2931 ἄρ’
394 2831 556 2931 ἐξενάριξε
578 2846 623 2927 (v.
642 2844 747 2933 289.),
770 2847 921 2931 sequitur
944 2838 962 2925 ἡ
986 2833 1015 2911 δ’
1038 2831 1129 2909 ἔτεκ’
1153 2834 1256 2909 ἄλλο

127 2936 337 3044 τέΐωρον,
366 2956 516 3022 indicare
543 2956 633 3021 mihi
666 2958 824 3035 videtur,
854 2959 947 3023 hunc
979 2980 1045 3023 esse
1065 2954 1258 3025 traditionis

128 3071 306 3138 Hesiodeae
337 3069 374 3135 h.
405 3071 432 3134 l.
462 3091 591 3133 nexum
620 3080 654 3133 et
684 3091 834 3132 sensum:
865 3070 979 3159 filium
1002 3069 1134 3157 quidem·
1153 3066 1258 3133 Calli·

127 3184 238 3261 rhois,
256 3194 481 3248 monstrosum
498 3181 601 3247 illum
625 3180 831 3267 Geryonem,
854 3179 1011 3245 Hercules
1032 3179 1172 3256 occidit,
1196 3178 1258 3242 illa

127 3309 234 3360 autem
262 3296 355 3361 aliud
383 3294 514 3383 peperit
540 3305 733 3358 monstrum
759 3292 966 3357 Echidnam:
995 3294 1108 3379 itaque
1130 3283 1148 3371 ἡ
1169 3287 1258 3356 refe·

126 3410 273 3474 rendum
286 3430 352 3473 esse
369 3408 410 3471 ad
429 3405 639 3483 Callirhoen,
662 3417 702 3468 ut
721 3406 915 3470 retulerunt
927 3406 966 3470 L.
977 3406 1142 3483 Barlaeus,
1155 3404 1258 3473 Wol-

127 3523 194 3586 fius
216 3521 306 3586 etad
328 3519 483 3607 Apollod.
500 3517 593 3584 Obss.
609 3541 644 3606 p.
667 3519 740 3584 100.
765 3517 927 3604 Heynius,
947 3521 1101 3604 quamvis
1120 3518 1159 3583 ad
1178 3515 1257 3583 Ceto

127 3633 280 3701 retulisse
311 3632 464 3695 videatur
492 3629 696 3717 Pherecydes
719 3630 808 3717 apud
830 3627 943 3694 Schol.
963 3629 1123 3716 Apollon.
1146 3627 1255 3691 Rhcd.

129 3747 174 3812 Il.
205 3746 301 3810 1248.
329 3743 430 3808 huius
457 3764 474 3806 e
499 3741 676 3829 Phorcyne
704 3741 814 3805 filiam
843 3740 1031 3805 Echidnam
1066 3738 1190 3803 faciens
1204 3748 1257 3801 ‘et

42 3856 50 3869 '
128 3858 338 3947 probabilius
371 3853 488 3939 utique
514 3852 661 3939 fingatur
681 3853 736 3917 his
755 3852 948 3940 parentibus
974 3853 1085 3939 genita
1107 3850 1257 3916 Echidna

128 3993 272 4059 serpens,
290 3989 393 4054 quam
412 3987 455 4030 ex
478 3966 570 4030 aurei
585 3965 671 4030 ensis
682 3965 822 4030 domino
837 3964 1024 4051 Chrysaore
1036 3977 1069 4029 et
1083 3964 1256 4031 Callirhoe

128 4082 301 4171 Nympha.
347 4079 436 4146 Cum
456 4078 645 4166 Pherecyde
673 4076 757 4143 facit
781 4078 994 4144 Hermannus
1013 4077 1134 4166 Opusc.
1151 4078 1191 4143 T.
1212 4078 1257 4142 ΙΙ.

128 4168 162 4282 p.
187 4193 261 4260 181.
307 4191 370 4258 Sed
392 4189 514 4271 Κητοῦς
545 4190 674 4255 mentio
709 4214 741 4256 v.
774 4193 849 4257 290.
880 4190 983 4254 nimis
1011 4192 1110 4279 longe
1132 4191 1257 4257 abhoc

129 4309 202 4373 loco
221 4306 332 4385 distat,
347 4328 448 4393 quam
468 4316 508 4369 ut
531 4296 549 4382 ἡ
573 4291 605 4369 d'
630 4296 717 4367 ’ἔτεκ’
741 4305 782 4368 ad
802 4327 872 4369 eam
889 4306 1062 4401 commode
1079 4302 1255 4369 referatur.
