2967 5209
466 502 501 563 m¹
519 502 643 549 arnoni
665 504 880 551 roeocounu.
1166 477 1239 552 243

114 663 243 758 τρέφει,
265 673 353 758 quod
374 674 480 740 nihili
498 674 559 762 est)
585 663 923 762 rettinendum
945 664 992 761 τῷ
1018 664 1084 741 att·
1110 678 1238 742 Τνιιανν·

111 796 160 846 ees
177 784 261 847 Ιονίο
276 808 370 874 equor
382 785 603 877 volucremque
618 812 742 852 currum
762 799 929 884 memorat
944 787 1101 853 Horatius
1123 788 1237 855 Carm.

111 896 138 962 1.
164 897 286 965 XXIV.
315 902 346 964 7.
393 900 551 966 Iunctum
583 902 732 968 Aurorae
754 902 869 967 currui
894 902 1051 989 Pegasum
1079 903 1237 989 quosdam

111 1009 301 1090 tradidisse,
326 1014 462 1101 colligas
481 1036 524 1079 ex
544 1014 656 1082 Schol.
684 1017 724 1081 ad
751 1016 792 1081 ll.
825 1017 860 1082 Z.
892 1017 966 1082 155.
996 1027 1029 1080 et
1055 1014 1167 1081 Schol.
1197 1017 1237 1081 ad

109 1122 280 1211 Lycophr.
307 1126 358 1189 17.
405 1125 509 1214 Magis
524 1140 637 1194 autem
659 1130 795 1218 vulgata
816 1143 864 1195 est
884 1129 1111 1194 recentiorum
1129 1130 1238 1195 tradi·

108 1238 175 1317 tio,
199 1258 264 1326 qua
280 1240 405 1306 relatus
427 1243 638 1308 intercidere
658 1243 771 1309 fertur
790 1245 939 1332 Pegasus.
974 1243 1025 1309 Ad
1043 1242 1237 1308 Hesiodeam

106 1350 147 1415 de
165 1352 284 1439 Pegaso
305 1352 522 1418 traditionem
543 1379 612 1421 non
630 1358 757 1438 minus,
774 1379 876 1445 qnam
887 1358 928 1422 ad
940 1356 1123 1445 superiora,
1135 1355 1237 1421 offen·

106 1486 179 1541 sus,
203 1463 428 1554 Goettlingius
447 1488 503 1533 vv.
527 1469 706 1536 tea-286
725 1470 859 1536 uncinis
880 1471 1031 1536 inclusit.

150 1711 184 1754 v.
210 1691 273 1755 287
308 1672 371 1778 seq'.
410 1691 593 1781 Chrysaori
622 1697 659 1760 in
686 1697 768 1761 locis
795 1708 887 1761 trans
914 1694 1084 1762 Oceanum
1103 1694 1238 1782 degenti

103 1798 328 1892 probabiliter
347 1827 435 1870 uxor
457 1807 557 1871 datur
579 1791 702 1874 Oceani
725 1808 798 1873 filia
813 1806 998 1874 Callirhoe.
1025 1805 1124 1873 Conf.
1144 1804 1236 1870 infre

104 1940 135 1981 v.
157 1919 235 1982 351.
265 1919 331 1982 979
356 1941 442 2006 seqq.
490 1921 544 1985 Ex
572 1920 627 1984 his
651 1932 750 1986 natus
777 1920 992 2008 Geryoneus3
1022 1940 1122 2005 quern
1143 1916 1235 1983 infra

104 2052 137 2093 v.
167 2032 244 2097 981.
272 2030 339 2095 dici
365 2032 477 2096 videas
499 2021 624 2119 βρότον
649 2023 827 2118 κάρτιστον
852 2022 1021 2097 ἁπάντων.
1067 2031 1132 2096 Has
1149 2031 1237 2095 vires

103 2144 327 2232 multiplices,
353 2167 459 2235 neque
481 2170 549 2212 uno
572 2145 672 2213 facile
693 2148 749 2213 rel
767 2147 914 2234 impetu,
936 2146 989 2213 vel
1006 2144 1077 2209 ictu
1103 2166 1237 2232 supera·

102 2256 205 2335 biles,
228 2258 398 2345 antiquior
423 2270 527 2339 aetas,
550 2259 705 2347 mythico
727 2282 880 2325 sermone
901 2259 1091 2336 declarans,
1117 2256 1237 2344 tricipi-

102 2384 165 2433 tem
195 2371 292 2436 nobis
319 2370 426 2437 edidit
459 2372 662 2461 Geryonem.
719 2374 869 2459 Namque
900 2394 943 2437 ex
974 2372 1115 2457 Hesiodo
1144 2370 1235 2435 nihil

100 2505 206 2571 porro
226 2483 372 2572 colligas.
404 2485 503 2574 Apud
522 2486 769 2574 Apollodorum
782 2497 894 2550 autem
911 2484 954 2551 II.
972 2484 1014 2553 V.
1027 2487 1079 2550 10.
1099 2483 1236 2571 Geryon

100 2595 302 2660 describitur
325 2590 415 2684 τριῶν
449 2590 539 2688 ’έχων
572 2586 689 2686 ἀνδρῶν
712 2594 870 2685 συμφυὲς
896 2591 1016 2683 ccipe,
1035 2589 1237 2686 συνηγμένον

101 2700 144 2780 εἷς
168 2699 205 2772 ἓν
227 2699 320 2773 surb
340 2701 398 2790 rip
419 2705 592 2799 γοοσέροι,
625 2699 829 2801 ἐσχισμένον
854 2728 892 2774 σε
912 2703 956 2782 εἷς
977 2704 1060 2797 epeia
1082 2699 1152 2774 οἰοσλ
1172 2706 1236 2772 λοι·

100 2812 203 2910 γόνων
223 2838 261 2884 τε
284 2814 341 2885 κον)
364 2818 483 2909 μηρῶν,
507 2838 547 2890 ut
564 2826 706 2914 proinde
724 2825 791 2889 tria
807 2826 933 2912 capita,
958 2823 1089 2910 triaque
1102 2833 1235 2910 pectora

100 2957 182 2999 curn
210 2956 268 2999 sex
293 2935 449 2999 manibus
475 2948 508 3001 et
535 2960 593 3001 sex
607 2929 761 3024 'pedibus
783 2935 957 3013 habuerit,
980 2935 1129 3021 qualem,
1154 2945 1236 2999 teste

101 3047 287 3113 Scholiasta
312 3048 352 3113 ad
375 3049 410 3114 h.
440 3051 465 3115 l.
497 3048 700 3115 informavit
723 3051 794 3114 iam
817 3048 1024 3114 Stesichorus
1045 3049 1084 3112 in
1106 3048 1234 3136 Geryo·

100 3161 199 3239 uide,
234 3172 329 3247 atque
354 3163 492 3250 insuper
523 3155 714 3250 imchrepcr.
739 3162 837 3228 Conf.
863 3162 999 3228 Lucian.
1027 3160 1065 3224 in
1090 3161 1233 3225 Hermo·

101 3275 191 3337 timo
210 3295 238 3337 c.
265 3276 317 3339 74.
1090 3265 1097 3279 ⁶

144 3525 182 3568 v.
209 3502 274 3567 287
306 3501 413 3566 citant
437 3500 549 3569 Schol.
583 3504 623 3567 ad
649 3501 823 3588 Aristoph.
858 3502 917 3586 Eq.
948 3500 1022 3566 414.
1047 3500 1165 3566 Suidas
1199 3525 1230 3565 v.

102 3606 348 3699 κυνοκέφαλος,
371 3616 517 3682 Lascaris
541 3617 695 3683 Gramm.
720 3616 744 3680 1.
771 3612 832 3679 ΙΙΙ.
857 3615 893 3678 Β.
920 3613 978 3677 ΙΙΙ.
1005 3612 1029 3678 f.
1056 3637 1088 3676 v.

147 3866 181 3908 v.
210 3842 276 3906 289
299 3863 385 3927 seqq.
417 3832 554 3927 Geryon
585 3841 625 3905 ab
656 3841 798 3906 Hercule
818 3835 1013 3902 interfectus
1035 3827 1139 3920 βουσὶ
1156 3828 1233 3924 παρ’

103 3941 315 4033 εἰλιπόδεσσι,
333 3955 412 4033 sive,
428 3952 568 4018 utinfra
578 3954 704 4017 dicitur
713 3976 746 4019 v.
757 3954 833 4017 983.
852 3940 939 4036 βοῶν
954 3935 1045 4013 εἵνεκ’
1056 3938 1235 4031 εἰλιπόδων,

102 4090 182 4132 cum
212 4068 392 4156 pugnando
416 4090 488 4131 suas
507 4067 653 4154 recipere
683 4066 784 4131 boves
812 4062 933 4143 vellet,
959 4085 1039 4150 quas
1059 4062 1232 4141 Hercules,

103 4182 217 4246 occisis
238 4182 333 4269 prius
353 4181 497 4246 annenti
512 4179 721 4258 custodibus,
738 4202 818 4245 cane
836 4190 870 4243 et
889 4177 1051 4255 bubulco,
1074 4179 1144 4241 iam
1161 4174 1235 4242 abi·

105 4315 180 4378 gere
205 4305 356 4382 coeperat
385 4293 591 4380 Tirynthem
621 4314 752 4370 versus,
781 4314 847 4379 quo
878 4290 943 4356 sibi
968 4291 1045 4356 illas
1067 4291 1233 4356 adducere

1017 4402 1091 4474 16*
