<?xml version="1.0" encoding="UTF-8"?>
<!DOCTYPE html PUBLIC "-//W3C//DTD XHTML 1.0 Transitional//EN"
    "http://www.w3.org/TR/xhtml1/DTD/xhtml1-transitional.dtd">
<html xmlns="http://www.w3.org/1999/xhtml" xml:lang="en" lang="en">
 <head>
  <title>
</title>
<meta http-equiv="Content-Type" content="text/html;charset=utf-8" />
  <meta name='ocr-system' content='tesseract 3.04.00' />
  <meta name='ocr-capabilities' content='ocr_page ocr_carea ocr_par ocr_line ocrx_word'/>
</head>
<body>
  <div class='ocr_page' id='page_1' title='image "./hesioditheogoni00lenngoog_0416.png"; bbox 0 0 2967 5209; ppageno 0'>
   <div class='ocr_carea' id='block_1_1' title="bbox 253 530 935 604">
    <p class='ocr_par' dir='ltr' id='par_1_1' title="bbox 253 530 935 604">
     <span class='ocr_line' id='line_1_1' title="bbox 253 530 935 604; baseline 0 -1"><span class='ocrx_word' id='word_1_1' title='bbox 253 530 324 604; x_wconf 83' lang='lat'><strong>372</strong></span> <span class='ocrx_word' id='word_1_2' title='bbox 693 556 935 603; x_wconf 71' lang='lat' dir='ltr'><strong>consumantes</strong></span> 
     </span>
    </p>
   </div>
   <div class='ocr_carea' id='block_1_2' title="bbox 256 728 1382 817">
    <p class='ocr_par' dir='ltr' id='par_1_2' title="bbox 256 728 1382 817">
     <span class='ocr_line' id='line_1_2' title="bbox 256 728 1382 817; baseline 0 -25"><span class='ocrx_word' id='word_1_3' title='bbox 256 728 395 807; x_wconf 87' lang='lat' dir='ltr'><strong>cesserit,</strong></span> <span class='ocrx_word' id='word_1_4' title='bbox 417 728 507 793; x_wconf 88' lang='lat' dir='ltr'><strong>haud</strong></span> <span class='ocrx_word' id='word_1_5' title='bbox 533 750 647 816; x_wconf 85' lang='lat' dir='ltr'><strong>capere</strong></span> <span class='ocrx_word' id='word_1_6' title='bbox 670 751 725 794; x_wconf 89' lang='lat' dir='ltr'><strong>me</strong></span> <span class='ocrx_word' id='word_1_7' title='bbox 751 729 867 797; x_wconf 85' lang='lat' dir='ltr'><strong>fateor.</strong></span> <span class='ocrx_word' id='word_1_8' title='bbox 903 729 998 817; x_wconf 75' lang='lat' dir='ltr'><strong>Prior</strong></span> <span class='ocrx_word' id='word_1_9' title='bbox 1020 738 1130 791; x_wconf 87' lang='lat' dir='ltr'><strong>autem</strong></span> <span class='ocrx_word' id='word_1_10' title='bbox 1154 728 1269 794; x_wconf 83' lang='lat' dir='ltr'><strong>aViro</strong></span> <span class='ocrx_word' id='word_1_11' title='bbox 1284 751 1382 792; x_wconf 88' lang='lat' dir='ltr'><strong>sum-</strong></span> 
     </span>
    </p>
   </div>
   <div class='ocr_carea' id='block_1_3' title="bbox 256 832 1461 930">
    <p class='ocr_par' dir='ltr' id='par_1_3' title="bbox 256 832 1461 930">
     <span class='ocr_line' id='line_1_3' title="bbox 256 832 1461 930; baseline 0.001 -27"><span class='ocrx_word' id='word_1_12' title='bbox 256 832 316 904; x_wconf 72' lang='lat' dir='ltr'><strong>&#39;mo&#39;</strong></span> <span class='ocrx_word' id='word_1_13' title='bbox 345 841 532 930; x_wconf 81' lang='lat' dir='ltr'><strong>propositae</strong></span> <span class='ocrx_word' id='word_1_14' title='bbox 566 843 779 908; x_wconf 82' lang='lat' dir='ltr'>correctionis</span> <span class='ocrx_word' id='word_1_15' title='bbox 800 865 876 930; x_wconf 90' lang='lat' dir='ltr'><strong>pars</strong></span> <span class='ocrx_word' id='word_1_16' title='bbox 903 843 967 906; x_wconf 86' lang='lat' dir='ltr'><strong>hoo</strong></span> <span class='ocrx_word' id='word_1_17' title='bbox 989 840 1129 906; x_wconf 33' lang='lat' dir='ltr'><strong>laborats</strong></span> <span class='ocrx_word' id='word_1_18' title='bbox 1144 841 1381 920; x_wconf 77' lang='lat' dir='ltr'><strong>incommodo,</strong></span> <span class='ocrx_word' id='word_1_19' title='bbox 1460 870 1461 885; x_wconf 52' lang='lat'>¹</span> 
     </span>
    </p>
   </div>
   <div class='ocr_carea' id='block_1_4' title="bbox 184 940 1384 3400">
    <p class='ocr_par' dir='ltr' id='par_1_4' title="bbox 184 940 1384 3400">
     <span class='ocr_line' id='line_1_4' title="bbox 256 940 1382 1040; baseline -0.001 -23"><span class='ocrx_word' id='word_1_20' title='bbox 256 955 341 1040; x_wconf 92' lang='lat' dir='ltr'><strong>quod</strong></span> <span class='ocrx_word' id='word_1_21' title='bbox 365 947 506 1035; x_wconf 70' lang='grc' dir='ltr'><em>τέιιτηια</em></span> <span class='ocrx_word' id='word_1_22' title='bbox 526 940 651 1018; x_wconf 68' lang='grc' dir='ltr'><em>δικαίων</em></span> <span class='ocrx_word' id='word_1_23' title='bbox 674 952 771 1019; x_wconf 89' lang='lat' dir='ltr'><strong>Metis</strong></span> <span class='ocrx_word' id='word_1_24' title='bbox 787 955 848 1018; x_wconf 85' lang='lat' dir='ltr'><strong>vix</strong></span> <span class='ocrx_word' id='word_1_25' title='bbox 871 954 938 1017; x_wconf 88' lang='lat' dir='ltr'><strong>dici</strong></span> <span class='ocrx_word' id='word_1_26' title='bbox 955 964 1064 1040; x_wconf 89' lang='lat' dir='ltr'><strong>potest</strong></span> <span class='ocrx_word' id='word_1_27' title='bbox 1085 953 1148 1017; x_wconf 89' lang='lat' dir='ltr'><strong>illa</strong></span> <span class='ocrx_word' id='word_1_28' title='bbox 1171 940 1244 1017; x_wconf 64' lang='lat' dir='ltr'><strong>latu</strong></span> <span class='ocrx_word' id='word_1_29' title='bbox 1264 951 1323 1040; x_wconf 73' lang='lat' dir='ltr'><strong>(stt</strong></span> <span class='ocrx_word' id='word_1_30' title='bbox 1341 954 1382 1016; x_wconf 91' lang='lat' dir='ltr'><strong>in</strong></span> 
     </span>
     <span class='ocr_line' id='line_1_5' title="bbox 257 1048 1383 1153; baseline -0.004 -23"><span class='ocrx_word' id='word_1_31' title='bbox 257 1066 344 1130; x_wconf 90' lang='lat' dir='ltr'><strong>Iovis</strong></span> <span class='ocrx_word' id='word_1_32' title='bbox 365 1062 514 1152; x_wconf 83' lang='lat' dir='ltr'><strong>corpore)</strong></span> <span class='ocrx_word' id='word_1_33' title='bbox 540 1048 678 1131; x_wconf 88' lang='lat' dir='ltr'><strong>demum</strong></span> <span class='ocrx_word' id='word_1_34' title='bbox 700 1065 868 1153; x_wconf 77' lang='lat' dir='ltr'><strong>accepisse.</strong></span> <span class='ocrx_word' id='word_1_35' title='bbox 895 1065 971 1130; x_wconf 82' lang='lat' dir='ltr'><strong>Alia</strong></span> <span class='ocrx_word' id='word_1_36' title='bbox 990 1087 1040 1129; x_wconf 87' lang='lat' dir='ltr'><strong>res</strong></span> <span class='ocrx_word' id='word_1_37' title='bbox 1063 1062 1179 1141; x_wconf 86' lang='lat' dir='ltr'><strong>fuerit,</strong></span> <span class='ocrx_word' id='word_1_38' title='bbox 1200 1066 1228 1128; x_wconf 89' lang='lat' dir='ltr'><strong>si</strong></span> <span class='ocrx_word' id='word_1_39' title='bbox 1251 1051 1308 1128; x_wconf 79' lang='grc' dir='ltr'><em>θεδι</em></span> <span class='ocrx_word' id='word_1_40' title='bbox 1325 1064 1383 1127; x_wconf 90' lang='lat' dir='ltr'><strong>in·</strong></span> 
     </span>
     <span class='ocr_line' id='line_1_6' title="bbox 228 1164 1383 1266; baseline 0.001 -29"><span class='ocrx_word' id='word_1_41' title='bbox 228 1214 233 1237; x_wconf 77' lang='lat' dir='ltr'><strong>t</strong></span> <span class='ocrx_word' id='word_1_42' title='bbox 257 1179 367 1266; x_wconf 85' lang='lat' dir='ltr'><strong>telligi</strong></span> <span class='ocrx_word' id='word_1_43' title='bbox 394 1179 496 1264; x_wconf 82' lang='lat' dir='ltr'><strong>possit</strong></span> <span class='ocrx_word' id='word_1_44' title='bbox 515 1177 685 1257; x_wconf 84' lang='lat' dir='ltr'><strong>Minerva,</strong></span> <span class='ocrx_word' id='word_1_45' title='bbox 712 1177 762 1242; x_wconf 93' lang='lat' dir='ltr'><strong>ibi</strong></span> <span class='ocrx_word' id='word_1_46' title='bbox 785 1164 1268 1243; x_wconf 71' lang='grc' dir='ltr'><strong>3133113Μ311113τδιδὶιιαια</strong></span> <span class='ocrx_word' id='word_1_47' title='bbox 1291 1176 1383 1239; x_wconf 83' lang='lat' dir='ltr'><strong>aoei-</strong></span> 
     </span>
     <span class='ocr_line' id='line_1_7' title="bbox 258 1276 1382 1378; baseline -0.009 -23"><span class='ocrx_word' id='word_1_48' title='bbox 258 1290 361 1378; x_wconf 89' lang='lat' dir='ltr'><strong>piens.</strong></span> <span class='ocrx_word' id='word_1_49' title='bbox 392 1290 453 1356; x_wconf 88' lang='lat' dir='ltr'><strong>Sed</strong></span> <span class='ocrx_word' id='word_1_50' title='bbox 467 1292 647 1376; x_wconf 84' lang='lat' dir='ltr'><strong>quominus</strong></span> <span class='ocrx_word' id='word_1_51' title='bbox 665 1291 711 1355; x_wconf 87' lang='lat' dir='ltr'><strong>sio</strong></span> <span class='ocrx_word' id='word_1_52' title='bbox 730 1291 910 1377; x_wconf 81' lang='lat' dir='ltr'><strong>intelligas,</strong></span> <span class='ocrx_word' id='word_1_53' title='bbox 933 1300 1022 1353; x_wconf 81' lang='lat' dir='ltr'><strong>vetat</strong></span> <span class='ocrx_word' id='word_1_54' title='bbox 1042 1311 1177 1373; x_wconf 89' lang='lat' dir='ltr'><strong>sequens</strong></span> <span class='ocrx_word' id='word_1_55' title='bbox 1199 1276 1382 1366; x_wconf 73' lang='grc' dir='ltr'><em>ποιήσασα.</em></span> 
     </span>
     <span class='ocr_line' id='line_1_8' title="bbox 260 1401 1381 1482; baseline -0.004 -13"><span class='ocrx_word' id='word_1_56' title='bbox 260 1401 428 1482; x_wconf 83' lang='lat' dir='ltr'><strong>Ceterum,</strong></span> <span class='ocrx_word' id='word_1_57' title='bbox 450 1406 504 1469; x_wconf 88' lang='lat' dir='ltr'><strong>vel</strong></span> <span class='ocrx_word' id='word_1_58' title='bbox 524 1403 663 1469; x_wconf 87' lang='lat' dir='ltr'><strong>admissa</strong></span> <span class='ocrx_word' id='word_1_59' title='bbox 685 1403 871 1468; x_wconf 89' lang='lat' dir='ltr'><strong>Hermanni</strong></span> <span class='ocrx_word' id='word_1_60' title='bbox 893 1404 1007 1467; x_wconf 88' lang='lat' dir='ltr'><strong>locum</strong></span> <span class='ocrx_word' id='word_1_61' title='bbox 1022 1401 1219 1465; x_wconf 86' lang='lat' dir='ltr'><strong>emendandi</strong></span> <span class='ocrx_word' id='word_1_62' title='bbox 1237 1401 1381 1476; x_wconf 91' lang='lat' dir='ltr'><strong>ratione,</strong></span> 
     </span>
     <span class='ocr_line' id='line_1_9' title="bbox 259 1497 1383 1601; baseline -0.004 -21"><span class='ocrx_word' id='word_1_63' title='bbox 259 1516 379 1580; x_wconf 89' lang='lat' dir='ltr'><strong>malim</strong></span> <span class='ocrx_word' id='word_1_64' title='bbox 402 1516 554 1601; x_wconf 89' lang='lat' dir='ltr'><strong>equidem</strong></span> <span class='ocrx_word' id='word_1_65' title='bbox 577 1504 644 1580; x_wconf 76' lang='lat' dir='ltr'><strong>tto</strong></span> <span class='ocrx_word' id='word_1_66' title='bbox 668 1497 705 1579; x_wconf 75' lang='grc' dir='ltr'><strong>εὖ</strong></span> <span class='ocrx_word' id='word_1_67' title='bbox 725 1502 902 1598; x_wconf 68' lang='grc' dir='ltr'><em>παλάμαις</em></span> <span class='ocrx_word' id='word_1_68' title='bbox 926 1513 1189 1594; x_wconf 76' lang='grc' dir='ltr'><strong>π.π.,13ηιε131</strong></span> <span class='ocrx_word' id='word_1_69' title='bbox 1212 1513 1303 1578; x_wconf 90' lang='lat' dir='ltr'><strong>idem</strong></span> <span class='ocrx_word' id='word_1_70' title='bbox 1320 1535 1383 1576; x_wconf 85' lang='lat' dir='ltr'><strong>su·</strong></span> 
     </span>
     <span class='ocr_line' id='line_1_10' title="bbox 259 1604 1383 1715; baseline -0.004 -25"><span class='ocrx_word' id='word_1_71' title='bbox 259 1628 378 1715; x_wconf 75' lang='lat' dir='ltr'><strong>spieor,</strong></span> <span class='ocrx_word' id='word_1_72' title='bbox 403 1604 695 1692; x_wconf 50' lang='lat' dir='ltr'><strong>Hermannum‘de</strong></span> <span class='ocrx_word' id='word_1_73' title='bbox 709 1627 875 1691; x_wconf 84' lang='lat' dir='ltr'><strong>industria</strong></span> <span class='ocrx_word' id='word_1_74' title='bbox 897 1614 1078 1713; x_wconf 75' lang='grc' dir='ltr'><em>παρέδεκτο</em></span> <span class='ocrx_word' id='word_1_75' title='bbox 1102 1613 1192 1706; x_wconf 64' lang='grc' dir='ltr'>ὅθεν,</span> <span class='ocrx_word' id='word_1_76' title='bbox 1217 1611 1383 1690; x_wconf 65' lang='grc' dir='ltr'><strong>ἐκέκαστο</strong></span> 
     </span>
     <span class='ocr_line' id='line_1_11' title="bbox 259 1728 1383 1827; baseline -0.002 -23"><span class='ocrx_word' id='word_1_77' title='bbox 259 1728 445 1823; x_wconf 78' lang='grc' dir='ltr'><em>Ὀλύμπιοι,</em></span> <span class='ocrx_word' id='word_1_78' title='bbox 467 1740 529 1803; x_wconf 83' lang='lat' dir='ltr'><strong>vix</strong></span> <span class='ocrx_word' id='word_1_79' title='bbox 549 1740 666 1825; x_wconf 83' lang='lat' dir='ltr'><strong>dignos</strong></span> <span class='ocrx_word' id='word_1_80' title='bbox 682 1738 828 1824; x_wconf 84' lang='lat' dir='ltr'><strong>antiquis</strong></span> <span class='ocrx_word' id='word_1_81' title='bbox 841 1739 954 1825; x_wconf 90' lang='lat' dir='ltr'><strong>Epicis</strong></span> <span class='ocrx_word' id='word_1_82' title='bbox 973 1738 1096 1815; x_wconf 85' lang='lat' dir='ltr'><strong>hiatus,</strong></span> <span class='ocrx_word' id='word_1_83' title='bbox 1110 1738 1271 1827; x_wconf 83' lang='lat' dir='ltr'><strong>probasse,</strong></span> <span class='ocrx_word' id='word_1_84' title='bbox 1293 1740 1383 1825; x_wconf 87' lang='lat' dir='ltr'><strong>quod</strong></span> 
     </span>
     <span class='ocr_line' id='line_1_12' title="bbox 258 1841 1383 1937; baseline 0 -22"><span class='ocrx_word' id='word_1_85' title='bbox 258 1862 363 1915; x_wconf 90' lang='lat' dir='ltr'><strong>totam</strong></span> <span class='ocrx_word' id='word_1_86' title='bbox 375 1841 463 1935; x_wconf 65' lang='grc' dir='ltr'><em>ῥῆσιν</em></span> <span class='ocrx_word' id='word_1_87' title='bbox 474 1851 607 1916; x_wconf 90' lang='lat' dir='ltr'><strong>serioris</strong></span> <span class='ocrx_word' id='word_1_88' title='bbox 621 1854 736 1937; x_wconf 70' lang='lat' dir='ltr'><strong>poetae</strong></span> <span class='ocrx_word' id='word_1_89' title='bbox 751 1847 880 1914; x_wconf 86' lang='lat' dir='ltr'><strong>foetum</strong></span> <span class='ocrx_word' id='word_1_90' title='bbox 890 1850 1040 1915; x_wconf 89' lang='lat' dir='ltr'><strong>haberet.</strong></span> <span class='ocrx_word' id='word_1_91' title='bbox 1060 1849 1293 1914; x_wconf 88' lang='lat' dir='ltr'><strong>Memorandae</strong></span> <span class='ocrx_word' id='word_1_92' title='bbox 1302 1865 1383 1935; x_wconf 90' lang='lat' dir='ltr'><strong>quo·</strong></span> 
     </span>
     <span class='ocr_line' id='line_1_13' title="bbox 259 1956 1381 2049; baseline 0 -23"><span class='ocrx_word' id='word_1_93' title='bbox 259 1985 322 2048; x_wconf 90' lang='lat' dir='ltr'><strong>que</strong></span> <span class='ocrx_word' id='word_1_94' title='bbox 339 1962 394 2027; x_wconf 83' lang='lat' dir='ltr'><strong>hio</strong></span> <span class='ocrx_word' id='word_1_95' title='bbox 412 1963 578 2027; x_wconf 82' lang='lat' dir='ltr'><strong>duntaxat</strong></span> <span class='ocrx_word' id='word_1_96' title='bbox 597 1961 721 2027; x_wconf 87' lang='lat' dir='ltr'><strong>Orellii</strong></span> <span class='ocrx_word' id='word_1_97' title='bbox 734 1984 833 2049; x_wconf 90' lang='lat' dir='ltr'><strong>super</strong></span> <span class='ocrx_word' id='word_1_98' title='bbox 850 1961 914 2026; x_wconf 87' lang='lat' dir='ltr'><strong>hoo</strong></span> <span class='ocrx_word' id='word_1_99' title='bbox 932 1962 1003 2026; x_wconf 88' lang='lat' dir='ltr'><strong>loco</strong></span> <span class='ocrx_word' id='word_1_100' title='bbox 1021 1962 1227 2026; x_wconf 88' lang='lat' dir='ltr'><strong>coniecturae</strong></span> <span class='ocrx_word' id='word_1_101' title='bbox 1248 1956 1381 2027; x_wconf 78' lang='grc' dir='ltr'><em>τέκται-</em></span> 
     </span>
     <span class='ocr_line' id='line_1_14' title="bbox 260 2052 1378 2164; baseline -0.001 -25"><span class='ocrx_word' id='word_1_102' title='bbox 260 2095 299 2139; x_wconf 85' lang='grc' dir='ltr'><strong>να</strong></span> <span class='ocrx_word' id='word_1_103' title='bbox 318 2092 356 2138; x_wconf 80' lang='grc' dir='ltr'><strong>τε</strong></span> <span class='ocrx_word' id='word_1_104' title='bbox 376 2061 486 2153; x_wconf 67' lang='lat' dir='ltr'><strong>iurem</strong></span> <span class='ocrx_word' id='word_1_105' title='bbox 504 2074 571 2163; x_wconf 89' lang='lat' dir='ltr'><strong>(vel</strong></span> <span class='ocrx_word' id='word_1_106' title='bbox 587 2052 750 2164; x_wconf 76' lang='grc' dir='ltr'>τευχέων)</span> <span class='ocrx_word' id='word_1_107' title='bbox 765 2074 859 2139; x_wconf 80' lang='lat' dir='ltr'><strong>v.14.</strong></span> <span class='ocrx_word' id='word_1_108' title='bbox 876 2085 910 2138; x_wconf 86' lang='lat' dir='ltr'><strong>et</strong></span> <span class='ocrx_word' id='word_1_109' title='bbox 920 2061 978 2156; x_wconf 76' lang='grc' dir='ltr'><strong>θεᾷ</strong></span> <span class='ocrx_word' id='word_1_110' title='bbox 990 2069 1171 2160; x_wconf 73' lang='grc' dir='ltr'><em>παρέλεκτο</em></span> <span class='ocrx_word' id='word_1_111' title='bbox 1183 2063 1273 2159; x_wconf 76' lang='grc' dir='ltr'><em>θέμις</em></span> <span class='ocrx_word' id='word_1_112' title='bbox 1284 2099 1316 2140; x_wconf 87' lang='grc' dir='ltr'><strong>τ.</strong></span> <span class='ocrx_word' id='word_1_113' title='bbox 1323 2077 1378 2139; x_wconf 84' lang='grc'><strong>16.</strong></span> 
     </span>
     <span class='ocr_line' id='line_1_15' title="bbox 259 2174 1381 2274; baseline -0.002 -22"><span class='ocrx_word' id='word_1_114' title='bbox 259 2187 429 2252; x_wconf 87' lang='lat' dir='ltr'><strong>Reliotum</strong></span> <span class='ocrx_word' id='word_1_115' title='bbox 452 2187 707 2273; x_wconf 87' lang='lat' dir='ltr'><strong>expositumque</strong></span> <span class='ocrx_word' id='word_1_116' title='bbox 721 2209 738 2249; x_wconf 94' lang='grc'><strong>3</strong></span> <span class='ocrx_word' id='word_1_117' title='bbox 755 2187 959 2251; x_wconf 85' lang='lat' dir='ltr'><strong>Ruhnkenio</strong></span> <span class='ocrx_word' id='word_1_118' title='bbox 971 2174 1059 2257; x_wconf 72' lang='grc' dir='ltr'><em>ἓιτδς</em></span> <span class='ocrx_word' id='word_1_119' title='bbox 1069 2186 1296 2274; x_wconf 85' lang='lat' dir='ltr'><strong>Goettlingins</strong></span> <span class='ocrx_word' id='word_1_120' title='bbox 1309 2210 1381 2252; x_wconf 86' lang='lat' dir='ltr'><strong>cor·</strong></span> 
     </span>
     <span class='ocr_line' id='line_1_16' title="bbox 259 2288 1380 2384; baseline 0.002 -24"><span class='ocrx_word' id='word_1_121' title='bbox 259 2297 351 2362; x_wconf 82' lang='lat' dir='ltr'><strong>rexit</strong></span> <span class='ocrx_word' id='word_1_122' title='bbox 371 2288 471 2378; x_wconf 70' lang='grc' dir='ltr'><em>ἕντος,</em></span> <span class='ocrx_word' id='word_1_123' title='bbox 494 2298 563 2384; x_wconf 88' lang='lat' dir='ltr'><strong>ipse</strong></span> <span class='ocrx_word' id='word_1_124' title='bbox 584 2310 701 2363; x_wconf 88' lang='lat' dir='ltr'><strong>notans</strong></span> <span class='ocrx_word' id='word_1_125' title='bbox 720 2299 930 2363; x_wconf 87' lang='lat' dir='ltr'><strong>rarissimum</strong></span> <span class='ocrx_word' id='word_1_126' title='bbox 950 2299 1041 2363; x_wconf 90' lang='lat' dir='ltr'><strong>hunc</strong></span> <span class='ocrx_word' id='word_1_127' title='bbox 1061 2322 1160 2362; x_wconf 88' lang='lat' dir='ltr'><strong>usum</strong></span> <span class='ocrx_word' id='word_1_128' title='bbox 1178 2300 1380 2365; x_wconf 85' lang='lat' dir='ltr'><strong>nominativi</strong></span> 
     </span>
     <span class='ocr_line' id='line_1_17' title="bbox 258 2409 1379 2497; baseline -0.001 -23"><span class='ocrx_word' id='word_1_129' title='bbox 258 2410 437 2497; x_wconf 84' lang='lat' dir='ltr'><strong>singularis</strong></span> <span class='ocrx_word' id='word_1_130' title='bbox 446 2409 484 2473; x_wconf 92' lang='lat' dir='ltr'><strong>in</strong></span> <span class='ocrx_word' id='word_1_131' title='bbox 494 2431 531 2473; x_wconf 90' lang='lat' dir='ltr'><strong>eo</strong></span> <span class='ocrx_word' id='word_1_132' title='bbox 543 2409 712 2487; x_wconf 86' lang='lat' dir='ltr'><strong>vocabulo,</strong></span> <span class='ocrx_word' id='word_1_133' title='bbox 726 2411 833 2474; x_wconf 80' lang='lat' dir='ltr'><strong>citans</strong></span> <span class='ocrx_word' id='word_1_134' title='bbox 845 2422 957 2476; x_wconf 88' lang='lat' dir='ltr'><strong>tamen</strong></span> <span class='ocrx_word' id='word_1_135' title='bbox 966 2411 1126 2475; x_wconf 90' lang='lat' dir='ltr'><strong>similiter</strong></span> <span class='ocrx_word' id='word_1_136' title='bbox 1137 2411 1174 2475; x_wconf 92' lang='lat' dir='ltr'><strong>in</strong></span> <span class='ocrx_word' id='word_1_137' title='bbox 1184 2410 1379 2475; x_wconf 85' lang='lat' dir='ltr'><strong>Archilochi</strong></span> 
     </span>
     <span class='ocr_line' id='line_1_18' title="bbox 259 2510 1381 2608; baseline 0.004 -24"><span class='ocrx_word' id='word_1_138' title='bbox 259 2520 379 2608; x_wconf 84' lang='lat' dir='ltr'><strong>fragm.</strong></span> <span class='ocrx_word' id='word_1_139' title='bbox 393 2521 512 2589; x_wconf 85' lang='lat' dir='ltr'><strong>LVIII.</strong></span> <span class='ocrx_word' id='word_1_140' title='bbox 522 2544 555 2608; x_wconf 89' lang='lat' dir='ltr'><strong>p.</strong></span> <span class='ocrx_word' id='word_1_141' title='bbox 569 2524 641 2587; x_wconf 83' lang='lat'>150.</span> <span class='ocrx_word' id='word_1_142' title='bbox 653 2522 714 2587; x_wconf 89' lang='lat' dir='ltr'><strong>Ed.</strong></span> <span class='ocrx_word' id='word_1_143' title='bbox 726 2522 850 2587; x_wconf 89' lang='lat' dir='ltr'><strong>Liebel.</strong></span> <span class='ocrx_word' id='word_1_144' title='bbox 861 2524 990 2587; x_wconf 86' lang='lat' dir='ltr'><strong>dictum</strong></span> <span class='ocrx_word' id='word_1_145' title='bbox 1000 2513 1087 2593; x_wconf 81' lang='grc' dir='ltr'><em>’ἐντος</em></span> <span class='ocrx_word' id='word_1_146' title='bbox 1098 2510 1287 2606; x_wconf 75' lang='grc' dir='ltr'><em>οἰμῶμητοι.</em></span> <span class='ocrx_word' id='word_1_147' title='bbox 1304 2524 1381 2589; x_wconf 89' lang='lat' dir='ltr'><strong>Gee-</strong></span> 
     </span>
     <span class='ocr_line' id='line_1_19' title="bbox 257 2634 1381 2720; baseline 0.004 -23"><span class='ocrx_word' id='word_1_148' title='bbox 257 2635 324 2697; x_wconf 89' lang='lat' dir='ltr'><strong>lius</strong></span> <span class='ocrx_word' id='word_1_149' title='bbox 342 2634 498 2711; x_wconf 87' lang='lat' dir='ltr'><strong>coniicit,</strong></span> <span class='ocrx_word' id='word_1_150' title='bbox 522 2637 655 2720; x_wconf 71' lang='lat' dir='ltr'><strong>poetam</strong></span> <span class='ocrx_word' id='word_1_151' title='bbox 676 2634 791 2711; x_wconf 89' lang='lat' dir='ltr'><strong>istum,</strong></span> <span class='ocrx_word' id='word_1_152' title='bbox 814 2657 892 2699; x_wconf 89' lang='lat' dir='ltr'><strong>eum</strong></span> <span class='ocrx_word' id='word_1_153' title='bbox 912 2635 1205 2713; x_wconf 87' lang='lat' dir='ltr'><strong>animadvertisset,</strong></span> <span class='ocrx_word' id='word_1_154' title='bbox 1226 2658 1259 2700; x_wconf 85' lang='lat' dir='ltr'><strong>se</strong></span> <span class='ocrx_word' id='word_1_155' title='bbox 1274 2637 1381 2701; x_wconf 88' lang='lat' dir='ltr'><strong>nimia</strong></span> 
     </span>
     <span class='ocr_line' id='line_1_20' title="bbox 258 2742 1381 2836; baseline 0.005 -28"><span class='ocrx_word' id='word_1_156' title='bbox 258 2745 418 2832; x_wconf 87' lang='lat' dir='ltr'><strong>narrandi</strong></span> <span class='ocrx_word' id='word_1_157' title='bbox 440 2742 651 2809; x_wconf 86' lang='lat' dir='ltr'><strong>festinatione</strong></span> <span class='ocrx_word' id='word_1_158' title='bbox 671 2744 767 2832; x_wconf 87' lang='lat' dir='ltr'><strong>prius</strong></span> <span class='ocrx_word' id='word_1_159' title='bbox 791 2748 831 2811; x_wconf 92' lang='lat' dir='ltr'><strong>de</strong></span> <span class='ocrx_word' id='word_1_160' title='bbox 854 2760 932 2812; x_wconf 85' lang='lat' dir='ltr'><strong>nata</strong></span> <span class='ocrx_word' id='word_1_161' title='bbox 949 2749 1101 2813; x_wconf 89' lang='lat' dir='ltr'><strong>Minerva</strong></span> <span class='ocrx_word' id='word_1_162' title='bbox 1120 2748 1259 2827; x_wconf 85' lang='lat' dir='ltr'><strong>dixisse,</strong></span> <span class='ocrx_word' id='word_1_163' title='bbox 1281 2773 1381 2836; x_wconf 87' lang='lat' dir='ltr'><strong>quam</strong></span> 
     </span>
     <span class='ocr_line' id='line_1_21' title="bbox 259 2857 1382 2948; baseline 0.005 -28"><span class='ocrx_word' id='word_1_164' title='bbox 259 2857 425 2921; x_wconf 87' lang='lat' dir='ltr'><strong>retulisset</strong></span> <span class='ocrx_word' id='word_1_165' title='bbox 457 2879 511 2932; x_wconf 89' lang='lat' dir='ltr'><strong>ea,</strong></span> <span class='ocrx_word' id='word_1_166' title='bbox 543 2877 627 2943; x_wconf 88' lang='lat' dir='ltr'><strong>quae</strong></span> <span class='ocrx_word' id='word_1_167' title='bbox 651 2864 788 2945; x_wconf 89' lang='lat' dir='ltr'><strong>partum</strong></span> <span class='ocrx_word' id='word_1_168' title='bbox 817 2861 974 2945; x_wconf 83' lang='lat' dir='ltr'><strong>proxime</strong></span> <span class='ocrx_word' id='word_1_169' title='bbox 995 2872 1254 2947; x_wconf 85' lang='lat' dir='ltr'><strong>praecesserant,</strong></span> <span class='ocrx_word' id='word_1_170' title='bbox 1281 2862 1382 2948; x_wconf 86' lang='lat' dir='ltr'><strong>digna</strong></span> 
     </span>
     <span class='ocr_line' id='line_1_22' title="bbox 258 2967 1382 3059; baseline 0.004 -26"><span class='ocrx_word' id='word_1_171' title='bbox 258 2982 382 3048; x_wconf 86' lang='lat' dir='ltr'><strong>tamen,</strong></span> <span class='ocrx_word' id='word_1_172' title='bbox 405 2992 488 3056; x_wconf 92' lang='lat' dir='ltr'><strong>quae</strong></span> <span class='ocrx_word' id='word_1_173' title='bbox 509 2971 592 3034; x_wconf 90' lang='lat' dir='ltr'><strong>item</strong></span> <span class='ocrx_word' id='word_1_174' title='bbox 612 2967 830 3049; x_wconf 85' lang='lat' dir='ltr'><strong>referrentur,</strong></span> <span class='ocrx_word' id='word_1_175' title='bbox 850 2970 930 3036; x_wconf 89' lang='lat' dir='ltr'><strong>hinc</strong></span> <span class='ocrx_word' id='word_1_176' title='bbox 945 2984 1019 3059; x_wconf 89' lang='lat' dir='ltr'><strong>post</strong></span> <span class='ocrx_word' id='word_1_177' title='bbox 1038 2981 1092 3038; x_wconf 59' lang='lat' dir='ltr'><strong>vv,</strong></span> <span class='ocrx_word' id='word_1_178' title='bbox 1114 2976 1166 3038; x_wconf 89' lang='lat'><strong>11.</strong></span> <span class='ocrx_word' id='word_1_179' title='bbox 1186 2975 1237 3051; x_wconf 84' lang='lat'><strong>12,</strong></span> <span class='ocrx_word' id='word_1_180' title='bbox 1258 2976 1382 3040; x_wconf 88' lang='lat' dir='ltr'><strong>relecto</strong></span> 
     </span>
     <span class='ocr_line' id='line_1_23' title="bbox 184 3067 1382 3173; baseline 0.004 -28"><span class='ocrx_word' id='word_1_181' title='bbox 184 3154 192 3173; x_wconf 43' lang='lat' dir='ltr'><em>s</em></span> <span class='ocrx_word' id='word_1_182' title='bbox 260 3083 463 3147; x_wconf 77' lang='lat' dir='ltr'><strong>narrationis</strong></span> <span class='ocrx_word' id='word_1_183' title='bbox 483 3082 559 3162; x_wconf 90' lang='lat' dir='ltr'><strong>filo,</strong></span> <span class='ocrx_word' id='word_1_184' title='bbox 579 3082 769 3147; x_wconf 86' lang='lat' dir='ltr'><strong>subiecisse:</strong></span> <span class='ocrx_word' id='word_1_185' title='bbox 805 3079 911 3164; x_wconf 76' lang='grc' dir='ltr'><em>Μῆτις</em></span> <span class='ocrx_word' id='word_1_186' title='bbox 942 3074 970 3149; x_wconf 81' lang='grc' dir='ltr'><strong>δ’</strong></span> <span class='ocrx_word' id='word_1_187' title='bbox 994 3067 1077 3149; x_wconf 73' lang='grc' dir='ltr'><em>αὖτε</em></span> <span class='ocrx_word' id='word_1_188' title='bbox 1099 3105 1131 3149; x_wconf 86' lang='grc' dir='ltr'><strong>ιι.</strong></span> <span class='ocrx_word' id='word_1_189' title='bbox 1156 3105 1188 3150; x_wconf 89' lang='grc' dir='ltr'><strong>τ.</strong></span> <span class='ocrx_word' id='word_1_190' title='bbox 1211 3088 1244 3151; x_wconf 93' lang='grc' dir='ltr'><strong>λ.</strong></span> <span class='ocrx_word' id='word_1_191' title='bbox 1291 3089 1382 3152; x_wconf 87' lang='lat' dir='ltr'><strong>Tum</strong></span> 
     </span>
     <span class='ocr_line' id='line_1_24' title="bbox 258 3182 1384 3288; baseline 0.002 -28"><span class='ocrx_word' id='word_1_192' title='bbox 258 3218 370 3262; x_wconf 83' lang='lat' dir='ltr'><strong>versus</strong></span> <span class='ocrx_word' id='word_1_193' title='bbox 400 3201 439 3261; x_wconf 86' lang='grc'><strong>16</strong></span> <span class='ocrx_word' id='word_1_194' title='bbox 466 3220 552 3284; x_wconf 88' lang='lat' dir='ltr'><strong>seqq.</strong></span> <span class='ocrx_word' id='word_1_195' title='bbox 584 3199 631 3261; x_wconf 93' lang='grc'><strong>113</strong></span> <span class='ocrx_word' id='word_1_196' title='bbox 666 3198 913 3262; x_wconf 85' lang='lat' dir='ltr'><strong>constituendos</strong></span> <span class='ocrx_word' id='word_1_197' title='bbox 936 3201 1097 3288; x_wconf 87' lang='lat' dir='ltr'><strong>proponit</strong></span> <span class='ocrx_word' id='word_1_198' title='bbox 1125 3201 1190 3269; x_wconf 85' lang='lat' dir='ltr'><strong>Vir</strong></span> <span class='ocrx_word' id='word_1_199' title='bbox 1213 3200 1265 3267; x_wconf 92' lang='lat' dir='ltr'><strong>Cl.</strong></span> <span class='ocrx_word' id='word_1_200' title='bbox 1282 3182 1384 3265; x_wconf 65' lang='grc' dir='ltr'><em>’Ἔνθα</em></span> 
     </span>
     <span class='ocr_line' id='line_1_25' title="bbox 259 3297 1382 3400; baseline -0.001 -27"><span class='ocrx_word' id='word_1_201' title='bbox 259 3298 317 3373; x_wconf 66' lang='lat' dir='ltr'><strong>leta</strong></span> <span class='ocrx_word' id='word_1_202' title='bbox 347 3298 546 3396; x_wconf 81' lang='grc' dir='ltr'><em>παρέδεκτο,</em></span> <span class='ocrx_word' id='word_1_203' title='bbox 585 3300 659 3392; x_wconf 76' lang='grc' dir='ltr'><em>ἐ’μει</em></span> <span class='ocrx_word' id='word_1_204' title='bbox 691 3297 866 3394; x_wconf 74' lang='grc' dir='ltr'><em>παλάμαις</em></span> <span class='ocrx_word' id='word_1_205' title='bbox 899 3305 972 3398; x_wconf 76' lang='grc' dir='ltr'><strong>περὶ</strong></span> <span class='ocrx_word' id='word_1_206' title='bbox 1006 3301 1136 3376; x_wconf 74' lang='grc' dir='ltr'><em>πάντων</em></span> <span class='ocrx_word' id='word_1_207' title='bbox 1171 3302 1314 3400; x_wconf 56' lang='lat' dir='ltr'><strong>’satsat</strong></span> <span class='ocrx_word' id='word_1_208' title='bbox 1350 3303 1382 3372; x_wconf 82' lang='grc' dir='ltr'><strong>τ’</strong></span> 
     </span>
    </p>
   </div>
   <div class='ocr_carea' id='block_1_5' title="bbox 258 3409 1461 3515">
    <p class='ocr_par' dir='ltr' id='par_1_5' title="bbox 258 3409 1461 3515">
     <span class='ocr_line' id='line_1_26' title="bbox 258 3409 1461 3515; baseline 0.002 -28"><span class='ocrx_word' id='word_1_209' title='bbox 258 3409 445 3487; x_wconf 75' lang='grc' dir='ltr'><em>Ἀθανάτων</em></span> <span class='ocrx_word' id='word_1_210' title='bbox 468 3410 511 3503; x_wconf 84' lang='grc' dir='ltr'><strong>θ’,</strong></span> <span class='ocrx_word' id='word_1_211' title='bbox 530 3419 559 3488; x_wconf 83' lang='grc' dir='ltr'><strong>οἱ</strong></span> <span class='ocrx_word' id='word_1_212' title='bbox 580 3414 755 3506; x_wconf 77' lang='grc' dir='ltr'><em>Ὀλύμπιοι</em></span> <span class='ocrx_word' id='word_1_213' title='bbox 774 3410 902 3508; x_wconf 73' lang='grc' dir='ltr'><em>δώματ’</em></span> <span class='ocrx_word' id='word_1_214' title='bbox 925 3416 1081 3515; x_wconf 70' lang='grc' dir='ltr'><em>ἔχοντα,</em></span> <span class='ocrx_word' id='word_1_215' title='bbox 1103 3415 1228 3514; x_wconf 74' lang='grc' dir='ltr'><em>Αἰγίδα</em></span> <span class='ocrx_word' id='word_1_216' title='bbox 1249 3418 1382 3504; x_wconf 72' lang='grc' dir='ltr'><em>ποιητλι</em></span> <span class='ocrx_word' id='word_1_217' title='bbox 1460 3442 1461 3445; x_wconf 72' lang='grc'>’</span> 
     </span>
    </p>
   </div>
   <div class='ocr_carea' id='block_1_6' title="bbox 157 3523 1381 4073">
    <p class='ocr_par' dir='ltr' id='par_1_6' title="bbox 157 3523 1381 4073">
     <span class='ocr_line' id='line_1_27' title="bbox 157 3523 1380 3623; baseline 0.002 -26"><span class='ocrx_word' id='word_1_218' title='bbox 157 3614 159 3619; x_wconf 17' lang='lat'><strong>¹</strong></span> <span class='ocrx_word' id='word_1_219' title='bbox 258 3526 297 3601; x_wconf 79' lang='grc' dir='ltr'><strong>τὸ</strong></span> <span class='ocrx_word' id='word_1_220' title='bbox 321 3524 555 3620; x_wconf 79' lang='grc' dir='ltr'><em>Φοβέοτρατον</em></span> <span class='ocrx_word' id='word_1_221' title='bbox 575 3525 685 3615; x_wconf 85' lang='grc' dir='ltr'><em>ἐἰτοι,</em></span> <span class='ocrx_word' id='word_1_222' title='bbox 712 3523 844 3618; x_wconf 72' lang='grc' dir='ltr'><em>Ἀθήνη,</em></span> <span class='ocrx_word' id='word_1_223' title='bbox 865 3538 928 3601; x_wconf 88' lang='grc' dir='ltr'><strong>Συν</strong></span> <span class='ocrx_word' id='word_1_224' title='bbox 947 3531 989 3623; x_wconf 66' lang='grc' dir='ltr'><strong>τῇ</strong></span> <span class='ocrx_word' id='word_1_225' title='bbox 1015 3558 1046 3602; x_wconf 82' lang='grc' dir='ltr'><strong>κ.</strong></span> <span class='ocrx_word' id='word_1_226' title='bbox 1060 3558 1092 3603; x_wconf 91' lang='grc' dir='ltr'><strong>τ.</strong></span> <span class='ocrx_word' id='word_1_227' title='bbox 1105 3541 1139 3600; x_wconf 89' lang='grc' dir='ltr'><strong>λ.</strong></span> <span class='ocrx_word' id='word_1_228' title='bbox 1185 3539 1236 3601; x_wconf 83' lang='lat' dir='ltr'><strong>Ibt</strong></span> <span class='ocrx_word' id='word_1_229' title='bbox 1257 3549 1292 3602; x_wconf 81' lang='lat' dir='ltr'><strong>in</strong></span> <span class='ocrx_word' id='word_1_230' title='bbox 1312 3561 1380 3601; x_wconf 84' lang='lat' dir='ltr'><strong>eor-</strong></span> 
     </span>
     <span class='ocr_line' id='line_1_28' title="bbox 254 3645 1380 3738; baseline 0.003 -28"><span class='ocrx_word' id='word_1_231' title='bbox 254 3645 333 3737; x_wconf 79' lang='lat' dir='ltr'><strong>pore</strong></span> <span class='ocrx_word' id='word_1_232' title='bbox 362 3649 447 3712; x_wconf 76' lang='lat' dir='ltr'><strong>Iovis</strong></span> <span class='ocrx_word' id='word_1_233' title='bbox 476 3649 543 3710; x_wconf 82' lang='lat' dir='ltr'><strong>Dea</strong></span> <span class='ocrx_word' id='word_1_234' title='bbox 565 3647 711 3711; x_wconf 80' lang='lat' dir='ltr'><strong>Minerva</strong></span> <span class='ocrx_word' id='word_1_235' title='bbox 732 3657 852 3735; x_wconf 77' lang='lat' dir='ltr'><strong>aceepit</strong></span> <span class='ocrx_word' id='word_1_236' title='bbox 878 3649 912 3733; x_wconf 84' lang='lat' dir='ltr'><strong>(a</strong></span> <span class='ocrx_word' id='word_1_237' title='bbox 935 3650 1048 3735; x_wconf 81' lang='lat' dir='ltr'><strong>matre)</strong></span> <span class='ocrx_word' id='word_1_238' title='bbox 1071 3650 1213 3737; x_wconf 75' lang='lat' dir='ltr'><strong>aegidem</strong></span> <span class='ocrx_word' id='word_1_239' title='bbox 1224 3650 1380 3738; x_wconf 71' lang='lat' dir='ltr'><strong>fabrefie-</strong></span> 
     </span>
     <span class='ocr_line' id='line_1_29' title="bbox 258 3754 1381 3851; baseline 0.003 -28"><span class='ocrx_word' id='word_1_240' title='bbox 258 3774 359 3841; x_wconf 84' lang='lat' dir='ltr'><strong>otam,</strong></span> <span class='ocrx_word' id='word_1_241' title='bbox 385 3754 522 3824; x_wconf 79' lang='lat' dir='ltr'><strong>terribile</strong></span> <span class='ocrx_word' id='word_1_242' title='bbox 541 3760 622 3824; x_wconf 83' lang='lat' dir='ltr'><strong>illud</strong></span> <span class='ocrx_word' id='word_1_243' title='bbox 644 3773 780 3838; x_wconf 87' lang='lat' dir='ltr'><strong>scutum,</strong></span> <span class='ocrx_word' id='word_1_244' title='bbox 816 3774 849 3823; x_wconf 88' lang='lat' dir='ltr'><strong>ut</strong></span> <span class='ocrx_word' id='word_1_245' title='bbox 874 3783 980 3825; x_wconf 83' lang='lat' dir='ltr'><strong>omnes</strong></span> <span class='ocrx_word' id='word_1_246' title='bbox 1006 3762 1145 3825; x_wconf 73' lang='lat' dir='ltr'><strong>homines</strong></span> <span class='ocrx_word' id='word_1_247' title='bbox 1165 3763 1381 3851; x_wconf 69' lang='grc'><strong>310333311-</strong></span> 
     </span>
     <span class='ocr_line' id='line_1_30' title="bbox 254 3862 1381 3963; baseline 0.005 -29"><span class='ocrx_word' id='word_1_248' title='bbox 254 3885 383 3959; x_wconf 83' lang='lat' dir='ltr'><strong>perarat</strong></span> <span class='ocrx_word' id='word_1_249' title='bbox 396 3873 599 3960; x_wconf 83' lang='lat' dir='ltr'><strong>fortitudine.</strong></span> <span class='ocrx_word' id='word_1_250' title='bbox 646 3874 699 3938; x_wconf 83' lang='lat' dir='ltr'><strong>Ex</strong></span> <span class='ocrx_word' id='word_1_251' title='bbox 729 3873 817 3940; x_wconf 89' lang='lat' dir='ltr'><strong>Iovis</strong></span> <span class='ocrx_word' id='word_1_252' title='bbox 842 3874 950 3960; x_wconf 87' lang='lat' dir='ltr'><strong>capite</strong></span> <span class='ocrx_word' id='word_1_253' title='bbox 972 3862 1033 3937; x_wconf 72' lang='lat' dir='ltr'><strong>rto</strong></span> <span class='ocrx_word' id='word_1_254' title='bbox 1054 3863 1167 3945; x_wconf 63' lang='grc' dir='ltr'><em>ὅπλοις</em></span> <span class='ocrx_word' id='word_1_255' title='bbox 1187 3876 1381 3963; x_wconf 83' lang='lat' dir='ltr'><strong>prosiluisse</strong></span> 
     </span>
     <span class='ocr_line' id='line_1_31' title="bbox 258 3985 1380 4073; baseline 0 -22"><span class='ocrx_word' id='word_1_256' title='bbox 258 3985 445 4051; x_wconf 86' lang='lat' dir='ltr'><strong>Minervam</strong></span> <span class='ocrx_word' id='word_1_257' title='bbox 475 3987 627 4073; x_wconf 89' lang='lat' dir='ltr'><strong>primum</strong></span> <span class='ocrx_word' id='word_1_258' title='bbox 649 4008 668 4050; x_wconf 94' lang='lat' dir='ltr'><strong>a</strong></span> <span class='ocrx_word' id='word_1_259' title='bbox 690 3985 875 4051; x_wconf 87' lang='lat' dir='ltr'><strong>Stesichoro</strong></span> <span class='ocrx_word' id='word_1_260' title='bbox 906 3987 1068 4051; x_wconf 90' lang='lat' dir='ltr'><strong>traditum</strong></span> <span class='ocrx_word' id='word_1_261' title='bbox 1081 3988 1243 4071; x_wconf 28' lang='lat' dir='ltr'><strong>‚observat</strong></span> <span class='ocrx_word' id='word_1_262' title='bbox 1266 3986 1380 4053; x_wconf 84' lang='lat' dir='ltr'><strong>Schol.</strong></span> 
     </span>
    </p>
   </div>
   <div class='ocr_carea' id='block_1_7' title="bbox 258 4096 1461 4193">
    <p class='ocr_par' dir='ltr' id='par_1_7' title="bbox 258 4096 1461 4193">
     <span class='ocr_line' id='line_1_32' title="bbox 258 4096 1461 4193; baseline 0.002 -30"><span class='ocrx_word' id='word_1_263' title='bbox 258 4098 299 4163; x_wconf 88' lang='lat' dir='ltr'><strong>ad</strong></span> <span class='ocrx_word' id='word_1_264' title='bbox 318 4098 475 4185; x_wconf 85' lang='lat' dir='ltr'><strong>Apollou.</strong></span> <span class='ocrx_word' id='word_1_265' title='bbox 498 4096 612 4163; x_wconf 75' lang='lat' dir='ltr'><strong>Rhoe.</strong></span> <span class='ocrx_word' id='word_1_266' title='bbox 636 4097 694 4165; x_wconf 87' lang='lat' dir='ltr'><strong>IV.</strong></span> <span class='ocrx_word' id='word_1_267' title='bbox 718 4102 802 4163; x_wconf 88' lang='grc'><strong>1310</strong></span> <span class='ocrx_word' id='word_1_268' title='bbox 825 4121 931 4186; x_wconf 81' lang='lat' dir='ltr'><strong>seqq:</strong></span> <span class='ocrx_word' id='word_1_269' title='bbox 955 4101 1043 4184; x_wconf 88' lang='lat' dir='ltr'><strong>quod</strong></span> <span class='ocrx_word' id='word_1_270' title='bbox 1064 4100 1091 4164; x_wconf 89' lang='lat' dir='ltr'><strong>si</strong></span> <span class='ocrx_word' id='word_1_271' title='bbox 1115 4123 1233 4165; x_wconf 80' lang='lat' dir='ltr'><strong>verum</strong></span> <span class='ocrx_word' id='word_1_272' title='bbox 1248 4100 1381 4178; x_wconf 65' lang='lat' dir='ltr'><strong>sitesse</strong></span> <span class='ocrx_word' id='word_1_273' title='bbox 1460 4156 1461 4193; x_wconf 32' lang='grc' dir='ltr'>Ξ</span> 
     </span>
    </p>
   </div>
   <div class='ocr_carea' id='block_1_8' title="bbox 258 4210 1380 4300">
    <p class='ocr_par' dir='ltr' id='par_1_8' title="bbox 258 4210 1380 4300">
     <span class='ocr_line' id='line_1_33' title="bbox 258 4210 1380 4300; baseline 0 -25"><span class='ocrx_word' id='word_1_274' title='bbox 258 4210 434 4298; x_wconf 79' lang='lat' dir='ltr'><strong>Hymnum</strong></span> <span class='ocrx_word' id='word_1_275' title='bbox 458 4212 600 4278; x_wconf 58' lang='lat' dir='ltr'><strong>Homer(</strong></span> <span class='ocrx_word' id='word_1_276' title='bbox 622 4212 659 4276; x_wconf 90' lang='lat' dir='ltr'><strong>in</strong></span> <span class='ocrx_word' id='word_1_277' title='bbox 681 4212 869 4276; x_wconf 87' lang='lat' dir='ltr'><strong>Minervam</strong></span> <span class='ocrx_word' id='word_1_278' title='bbox 893 4211 1042 4300; x_wconf 83' lang='lat' dir='ltr'>(XXVI.)</span> <span class='ocrx_word' id='word_1_279' title='bbox 1062 4211 1250 4276; x_wconf 85' lang='lat' dir='ltr'><strong>Stesichoro</strong></span> <span class='ocrx_word' id='word_1_280' title='bbox 1264 4212 1380 4276; x_wconf 84' lang='lat' dir='ltr'><strong>iunio-</strong></span> 
     </span>
    </p>
   </div>
   <div class='ocr_carea' id='block_1_9' title="bbox 259 4300 1461 4411">
    <p class='ocr_par' dir='ltr' id='par_1_9' title="bbox 259 4300 1461 4411">
     <span class='ocr_line' id='line_1_34' title="bbox 259 4300 1461 4411; baseline 0 -25"><span class='ocrx_word' id='word_1_281' title='bbox 259 4344 340 4401; x_wconf 88' lang='lat' dir='ltr'><strong>rem,</strong></span> <span class='ocrx_word' id='word_1_282' title='bbox 358 4325 595 4390; x_wconf 84' lang='lat' dir='ltr'><strong>animadvertit</strong></span> <span class='ocrx_word' id='word_1_283' title='bbox 605 4324 755 4409; x_wconf 79' lang='lat' dir='ltr'><strong>Heynius</strong></span> <span class='ocrx_word' id='word_1_284' title='bbox 765 4326 802 4387; x_wconf 92' lang='lat' dir='ltr'><strong>ad</strong></span> <span class='ocrx_word' id='word_1_285' title='bbox 815 4300 968 4411; x_wconf 85' lang='lat' dir='ltr'><strong>Apollod.</strong></span> <span class='ocrx_word' id='word_1_286' title='bbox 983 4326 1007 4387; x_wconf 92' lang='grc'><strong>1.</strong></span> <span class='ocrx_word' id='word_1_287' title='bbox 1018 4347 1045 4388; x_wconf 80' lang='lat' dir='ltr'><strong>s.</strong></span> <span class='ocrx_word' id='word_1_288' title='bbox 1069 4325 1181 4408; x_wconf 88' lang='lat' dir='ltr'><strong>ltaque</strong></span> <span class='ocrx_word' id='word_1_289' title='bbox 1193 4322 1379 4388; x_wconf 73' lang='lat' dir='ltr'><strong>stesichoro</strong></span> <span class='ocrx_word' id='word_1_290' title='bbox 1460 4374 1461 4399; x_wconf 75' lang='lat'><strong>,</strong></span> 
     </span>
    </p>
   </div>
   <div class='ocr_carea' id='block_1_10' title="bbox 0 0 1490 5209">
    <p class='ocr_par' dir='ltr' id='par_1_10' title="bbox 0 0 1490 5209">
     <span class='ocr_line' id='line_1_35' title="bbox 0 0 1490 5209; baseline 0 0"><span class='ocrx_word' id='word_1_291' title='bbox 0 0 1490 5209; x_wconf 95' lang='lat' dir='ltr'><strong> </strong></span> 
     </span>
    </p>
   </div>
  </div>
 </body>
</html>
