2967 5209
245 475 318 553 248
688 500 927 549 conterritus

247 693 281 736 v.
312 672 387 738 415.
418 671 552 739 Scilicet
575 683 622 738 est
645 672 709 737 hoc
736 692 800 758 pro
833 656 941 756 ἐρύετο
970 666 1011 731 ab
1041 653 1187 755 ἒρόομω,
1213 665 1302 731 illud
1317 665 1369 728 ab

245 777 372 870 ἓρνμαι.
418 786 477 852 Ε11
501 796 613 851 autem
643 785 681 850 iu
709 781 761 850 Sc.
785 785 811 849 1.
830 804 860 848 c.
890 767 981 868 ipio
1005 781 1057 863 (111
1081 775 1305 865 scribendum)
1332 780 1366 843 3.

246 894 383 984 imperf.
410 897 530 975 medii,
561 895 745 963 cohibebant
768 904 934 982 impetum
963 894 1018 958 hic
1036 902 1147 957 autem
1169 880 1253 978 ’ἔρυτ’
1276 889 1366 956 ecci·

246 1008 407 1097 piendum
443 1020 492 1074 est
522 1008 649 1096 passive
677 1007 895 1088 coe'mebotur,
931 1004 1024 1093 quasi
1057 1025 1195 1070 carcere.
1247 1004 1366 1090 Perpe-

245 1143 318 1185 rem
342 1121 512 1209 Heynius‚
537 1121 575 1186 in
595 1121 678 1188 Exc.
699 1120 757 1188 IV.
778 1120 819 1184 ad
842 1119 883 1184 Il.
907 1119 948 1185 A.
974 1117 1174 1183 vocobulum
1191 1116 1255 1182 hoc
1272 1115 1367 1180 deri-

245 1255 325 1299 vans
357 1232 398 1298 ab
428 1222 491 1319 p‘v‘u
520 1255 610 1298 servo
634 1232 747 1320 priore
769 1233 887 1319 longe,
919 1251 1052 1294 versum
1078 1229 1172 1315 quasi
1197 1227 1241 1293 ob
1262 1228 1367 1293 metri

244 1347 370 1413 vitium
403 1346 544 1414 Hesiodo
575 1344 835 1413 abiudicendum
864 1312 1002 1410 censuit.
1059 1340 1255 1428 Respiciunt
1286 1361 1364 1405 eum

245 1457 358 1525 Schol·
372 1458 543 1551 Lycophr.
560 1459 649 1547 apud
668 1457 872 1524 Bachmann.
890 1454 1012 1521 Anecd.
1034 1453 1093 1519 Gr.
1109 1453 1156 1519 ¹1¹.
1171 1452 1215 1520 ΙΙ.
1235 1475 1270 1540 p.
1288 1455 1365 1521 278.

243 1583 277 1636 et
299 1573 409 1637 Tzetz.
433 1573 473 1637 ed
498 1570 668 1658 Lycophr.
694 1592 726 1635 v.
753 1571 848 1635 1351.
881 1588 886 1597 ·

288 1820 321 1862 1.
344 1800 409 1863 305
431 1807 599 1884 suspectus
624 1793 691 1858 fuit
714 1792 863 1871 Wolfio,
891 1793 980 1879 quod
1001 1792 1091 1879 apud
1111 1789 1265 1879 Apollcd.
1286 1791 1312 1856 l.
1332 1814 1360 1855 c.

244 1906 419 1973 interfecta
452 1906 494 1974 ab
522 1907 610 1994 Argo
637 1905 764 1973 dicitur
796 1904 958 1971 Echidna.
1004 1902 1067 1970 Sed
1089 1913 1298 1968 memoratur
1316 1902 1364 1967 ibi

244 2019 500 2109 Peloponnesia,
525 2042 594 2084 non
618 2018 784 2086 trimae.

288 2269 321 2312 1.
348 2247 412 2312 306
433 2268 519 2333 seqq.
543 2234 704 2332 Τυφᾶων,
728 2246 795 2310 alia
816 2243 926 2311 forma
947 2246 1056 2310 dictus
1078 2234 1238 2329 Τυφωεὺς
1263 2242 1365 2335 (infra
1453 2240 1454 2283 ¹

245 2382 276 2425 v.
293 2360 370 2425 821.
390 2358 493 2447 869),
519 2349 638 2445 ἄνεμος
661 2349 816 2446 ὑβριστὴς
839 2370 872 2424 11
888 2358 1056 2423 similium
1075 2370 1253 2424 ventorum
1271 2370 1365 2446 pater
1453 2366 1454 2373 ’

247 2471 292 2558 (1.
316 2473 381 2537 869
393 2469 506 2560 seqq.)‚
524 2484 640 2537 ortum
659 2472 729 2558 ipse
755 2471 873 2536 ducere
893 2471 983 2536 visus
999 2493 1043 2535 ex
1062 2467 1240 2558 profundis
1260 2480 1365 2534 terrae

218 2644 224 2663 ,
243 2584 417 2671 spiraculis
441 2596 475 2648 et
493 2584 661 2663 cavernis,
685 2584 796 2668 itaque
820 2582 975 2669 mythico
990 2604 1140 2646 sermone
1158 2581 1265 2649 dictus
1283 2582 1363 2647 Tar·
1453 2612 1454 2657 ,

243 2696 310 2761 tari
341 2708 376 2761 et
399 2697 521 2761 Terrae
544 2696 636 2762 filius
666 2699 711 2780 (1.
730 2698 792 2762 821
817 2691 916 2782 seq.),
941 2695 982 2759 de
1007 2717 1073 2781 quo
1103 2694 1243 2782 mythos
1266 2691 1366 2759 fuisse
1453 2674 1454 2715 ³

244 2809 426 2890 Arimseos,
446 2821 575 2876 constat
593 2833 636 2876 ex
646 2809 790 2875 Homero
809 2819 842 2872 et
856 2808 999 2873 Pindaro
1017 2808 1057 2873 ll.
1070 2830 1129 2885 cc.‚
1145 2805 1365 2895 probabiliter

242 2923 322 2988 inde
350 2925 477 2988 coniux
506 2925 606 2990 datur
635 2924 691 2989 hic
711 2921 879 2987 cohibitae
904 2922 991 3009 apud
1015 2921 1148 2988 Arimos
1174 2920 1364 2997 Echidnae,

242 3016 348 3121 neque
369 3035 552 3124 incongrue
569 3058 613 3101 ex
630 3036 684 3102 his
704 3035 887 3100 tremendis
900 3034 1066 3121 portentis
1084 3044 1164 3099 nata
1184 3055 1284 3119 aeque
1298 3045 1364 3098 ter·

242 3145 360 3212 sibilia
382 3159 533 3213 monstra
550 3147 786 3237 perhibentur,
803 3168 882 3210 cum
895 3146 973 3225 alia,
992 3158 1067 3210 tum
1086 3144 1240 3235 primum
1261 3145 1365 3213 Canes

242 3257 320 3335 duo,
337 3256 530 3353 Orthus(v.
553 3258 643 3346 309.)
667 3270 701 3324 et
715 3257 875 3325 Cerberus
892 3256 937 3346 (1.
950 3259 1015 3323 310
1034 3260 1146 3344 seqq.),
1159 3268 1297 3345 uterque
1317 3260 1363 3325 la·
1453 3290 1454 3343 j

244 3368 335 3432 tuctu
351 3367 498 3435 referens
512 3384 644 3459 patrem
665 3370 710 3460 (1.
721 3368 824 3459 act),
848 3370 1009 3437 Cerberus
1021 3371 1134 3451 etiem,
1151 3385 1191 3438 ut
1203 3372 1276 3451 ille,
1296 3373 1365 3438 bel·
1452 3396 1454 3425 2

243 3481 300 3546 lua
319 3482 509 3549 multorum
531 3483 680 3572 capitum
700 3482 745 3572 (1.
761 3485 836 3549 312.
849 3480 953 3570 825),
965 3483 1051 3548 sicut
1061 3482 1171 3570 biceps
1190 3484 1294 3551 etiam
1305 3484 1364 3550 ha·

243 3593 333 3660 bitus
348 3604 396 3661 est
416 3595 617 3682 quibusdam
634 3594 774 3675 Orthus,
797 3594 974 3662 Chimaera
989 3594 1055 3682 ipsi
1069 3594 1210 3660 Hesiodo
1230 3596 1362 3684 triceps.
1453 3670 1454 3677 ¹

286 3704 361 3772 Non
388 3706 532 3786 diversi,
564 3718 602 3770 ut
635 3706 844 3794 Gcettlingio
873 3705 983 3772 visum
1011 3705 1048 3771 in
1071 3705 1185 3793 priore
1209 3706 1363 3771 Editione
1453 3732 1454 3751 2

243 3814 335 3905 (nam
359 3819 400 3886 in
430 3822 535 3886 alters
566 3818 765 3884 sententiam
799 3814 959 3902 mutavit)
996 3819 1051 3883 sed
1080 3817 1185 3883 iidem
1218 3819 1362 3884 habendi

232 3918 390 4016 ’Τυφάων
414 3930 460 4020 (1.
482 3930 573 4019 308.)
599 3944 632 3997 11
650 3921 812 4015 Τυφωεὺς
835 3930 881 4019 (1.
903 3931 979 3996 821.
1005 3926 1109 4016 869.)
1140 3931 1241 4011 Vide,
1267 3955 1362 4020 prae·

240 4043 386 4130 cipiente
407 4045 599 4113 Muetnellio
622 4069 657 4133 p.
677 4047 772 4118 259..
797 4044 982 4109 Homerum
998 4044 1039 4110 Il.
1055 4044 1091 4109 Β.
1108 4046 1170 4111 181
1191 4068 1276 4134 seqq.
1294 4046 1360 4111 col-

31 4086 34 4183 1
140 4192 148 4209 ·
241 4155 319 4257 latia
342 4159 398 4224 hic
422 4157 569 4225 versibus
594 4161 670 4225 301.
691 4159 767 4223 308.
813 4157 945 4244 Heynio
970 4158 1008 4222 in
1029 4158 1092 4245 Ep.
1123 4158 1163 4223 ad
1190 4158 1359 4228 Wolfium
1453 4140 1454 4219 ᾗ

240 4268 354 4336 minus
375 4285 505 4338 certum
524 4272 559 4337 id
586 4271 694 4339 visum
714 4272 832 4350 miror,
858 4293 937 4337 cum
956 4270 1011 4335 illi
1031 4270 1068 4335 in
1086 4269 1179 4337 Obss.
1199 4272 1239 4338 ad
1259 4274 1357 4361 Apol·
