2967 5209
491 519 523 565 11
547 518 670 568 aaaron
695 518 912 568 1000001111.
1183 492 1256 565 229
1351 577 1358 593 .

177 707 209 749 v.
239 684 306 750 234
334 706 399 772 seq.
434 677 542 775 000ορ
567 679 722 753 καλέουσι
747 680 888 777 γέροντα
917 687 977 750 sed
1003 710 1108 750 senem
1142 702 1252 752 vocant

128 795 230 886 (non,
257 796 336 885 quia
358 788 592 885 πρεσβῦτατος
614 789 755 882 παίδων,
778 796 909 885 verum)
937 799 1016 886 quia
1038 788 1191 887 νημερτής
1214 817 1253 864 τε

127 900 186 973 ml
210 898 313 990 110101.
358 909 590 1005 Ηειιοχροόῐιιθ
614 925 763 979 mentem
785 935 855 978 nou
877 911 1058 992 adsecutus,
1072 908 1250 983 Wernick.

126 1020 169 1086 ad
185 1018 376 1110 Tryphiod.
402 1045 438 1110 p.
460 1027 514 1092 30.
536 1047 600 1113 pro
623 1015 728 1112 0ὐέορ
752 1024 898 1091 malebat
920 1015 954 1090 ὃν
981 1011 1032 1101 δὴ.

110 1208 114 1217 ,
174 1125 317 1222 γέροντα
337 1134 440 1202 Nerea
463 1158 508 1202 ex
528 1136 602 1216 hoc,
622 1148 662 1201 ut
676 1138 826 1233 videtur,
846 1138 919 1202 loco
943 1147 1109 1203 memorat
1133 1138 1253 1203 Eusta-

124 1245 221 1312 thius
240 1249 281 1313 ad
300 1249 340 1314 11.
360 1272 395 1337 p.
418 1252 491 1317 116.
509 1252 597 1318 med.
618 1252 658 1316 ad
668 1250 732 1319 Od.
751 1273 787 1339 p.
799 1252 896 1318 1128.
913 1253 966 1315 53.
981 1249 1041 1336 qui
1055 1250 1102 1314 sic
1120 1248 1253 1314 diotunl

123 1360 204 1425 vult
222 1382 240 1425 a
256 1362 501 1427 oenesoentibus
517 1364 556 1428 in
570 1364 660 1429 mari
679 1363 817 1452 spumis,
835 1374 874 1427 ut
884 1362 910 1428 Γ
911 1353 1013 1450 patae·
1041 1361 1135 1428 Alios
1149 1360 1253 1426 etiam

123 1473 230 1537 maris
251 1474 335 1539 Deos
359 1473 442 1540 hinc
462 1468 621 1563 γέροντας
642 1476 748 1540 dictos
763 1476 931 1557 (Proteum
943 1486 976 1541 et
991 1474 1149 1562 Phorcyn
1163 1473 1253 1561 apud

124 1582 225 1651 Hom.
252 1584 316 1653 od.
336 1585 377 1654 Δ.
400 1590 476 1667 385.
501 1588 540 1653 Ν.
568 1584 1169 1675 96100111010181101001111110013.
1192 1586 1251 1651 IV.

125 1696 204 1763 403.
223 1696 323 1765 Conf.
345 1710 378 1765 et
396 1698 566 1767 Cornutus
583 1702 608 1766 1.
628 1723 658 1765 c.
693 1699 757 1766 Sed
775 1700 934 1767 videntur
947 1699 1050 1764 etiam
1069 1697 1254 1784 antiquitus

124 1806 236 1889 fuisse,
256 1812 317 1898 qui
340 1811 379 1877 in
396 1812 500 1878 Nereo
519 1834 651 1878 causam
673 1811 909 1900 adpellationis
928 1812 1000 1877 eius
1020 1811 1102 1876 hinc
1125 1821 1255 1899 repete-

123 1933 212 2000 rent,
232 1925 321 2009 quod
340 1923 532 2004 haberetur,
554 1936 595 1989 ut
607 1926 646 1989 in
665 1924 791 1990 Pseudo
809 1923 939 2013 Orphei
959 1925 1084 2012 Argon.
1105 1926 1183 1990 328.
1201 1924 1253 1988 di-

121 2036 224 2116 citur,
236 2039 383 2106 Deorum
396 2041 499 2105 maris
513 2039 670 2104 omnium
693 2026 919 2124 πρέσβιστος,
940 2048 982 2101 ut
994 2037 1031 2102 in
1043 2034 1084 2102 H.
1103 2034 1256 2124 Orphico

122 2149 183 2214 cit.
207 2140 304 2241 ἀρχῆ
324 2141 494 2234 ἁπάντων,
512 2173 578 2239 qua
592 2151 723 2215 ratione
741 2149 869 2214 scilicet
888 2149 1052 2214 Homerus
1067 2149 1109 2215 Il.
1125 2151 1161 2214 Ξ.
1178 2149 1257 2215 201.

124 2254 282 2328 Ὠκεανὸν
314 2251 392 2330 θεῶν
423 2256 552 2351 γένεσιν
579 2255 643 2327 sul
677 2249 808 2349 μητέρα
839 2249 963 2342 Tuto,
992 2261 1115 2325 Thales
1142 2270 1255 2325 autem

124 2396 245 2460 aquam
268 2375 360 2440 dixit
388 2377 545 2440 omnium
565 2397 682 2442 rerum
702 2397 768 2442 esse
787 2374 1008 2463 principium.
1055 2372 1110 2439 Sic
1132 2374 1256 2440 Nereus

122 2485 230 2553 fuerit
252 2488 319 2554 alio
337 2489 477 2554 nomine
497 2488 606 2554 dictus
623 2477 788 2575 Πρωτεύς,
804 2488 937 2576 primus
958 2487 1126 2553 omniurn.
1151 2485 1251 2553 Conl'.

125 2601 169 2667 H.
189 2599 329 2690 Orphic.
350 2601 389 2667 iu
406 2602 574 2667 Proteum.
610 2600 788 2669 Contraria
811 2613 860 2666 est
882 2600 1059 2667 Hesiodeae
1079 2600 1254 2682 sententia,

124 2714 259 2802 prodita
281 2713 322 2779 ab
339 2712 471 2803 Heynio
497 2714 538 2779 ad
565 2715 607 2779 11.
629 2716 668 2779 Σ.
691 2717 758 2793 39.,
779 2725 925 2779 tractum
946 2736 1012 2778 esse
1032 2712 1073 2779 ab
1099 2713 1172 2802 ipsa
1192 2711 1260 2777 hac

124 2828 263 2892 notione
287 2828 389 2906 senis,
414 2839 456 2892 ut
477 2829 579 2916 vulgo
601 2850 670 2893 non
689 2828 791 2893 modo
813 2828 920 2892 iustus
942 2850 979 2892 ac
1005 2850 1130 2905 verax,
1147 2827 1202 2891 sed
1223 2838 1258 2890 et

123 2937 239 3003 futuri
256 2939 403 3027 prudens
424 2939 605 3005 haberetur
623 2940 757 3006 Nereus.
803 2941 849 3008 At
870 2963 949 3006 vero
972 2941 1075 3005 etiam
1096 2940 1196 3006 Nerei
1215 2940 1256 3007 fi·

15 3134 17 3145 Ι
123 3054 192 3120 liae
210 3066 444 3122 memorantur
462 3077 495 3122 v.
515 3057 578 3121 261
588 3077 653 3141 seq.
675 3055 796 3120 iisdem
811 3055 985 3143 'praeditae
1006 3051 1202 3132 virtutibus,
1224 3065 1257 3117 et

122 3167 253 3257 pariter
272 3169 355 3235 iusti
382 3169 519 3256 verique
547 3179 582 3233 et
608 3165 740 3233 fatidici
771 3166 813 3233 ab
831 3167 978 3234 Homero
999 3177 1033 3232 et
1055 3166 1257 3232 0111111010-

122 3292 251 3346 cuntur
270 3277 431 3360 Oceanus,
452 3281 599 3359 Proteus,
623 3278 780 3359 Glaucus,
800 3281 905 3347 maris
921 3280 991 3348 Dii.
1039 3279 1132 3346 Mare
1151 3279 1255 3345 etiam

122 3394 288 3458 scelerum
308 3415 347 3458 ac
368 3393 529 3482 perfidiae
550 3415 672 3481 poenas
696 3392 831 3481 exigere
853 3395 955 3481 vulgo
972 3393 1153 3461 creditum.
1190 3392 1257 3458 lta-

123 3528 190 3592 que
207 3527 287 3570 cum
309 3505 412 3569 maris
430 3506 569 3571 notione
584 3506 762 3571 coniuncta
785 3503 887 3571 fuisse
913 3506 1045 3571 videtur
1069 3506 1133 3571 illa
1159 3507 1255 3570 iusti·

122 3617 195 3682 tiae
219 3617 431 3704 aliarumque
450 3616 619 3683 virtutum
640 3617 746 3683 notio.
794 3617 958 3694 Fortasse,
987 3628 1026 3681 ut
1048 3604 1146 3683 Ceres
1168 3617 1257 3681 dicta

125 3740 175 3794 est
202 3716 423 3815 θεσμοφόρος,
449 3730 537 3815 quod
567 3752 646 3794 cum
669 3720 874 3819 agricultura
899 3729 1004 3793 simul
1030 3729 1117 3815 leges
1139 3740 1255 3805 natae,

125 3843 176 3907 ita
193 3841 297 3907 maris
323 3839 380 3906 Dii
399 3839 509 3906 habiti
532 3853 612 3907 sunt
628 3842 743 3921 mites,
762 3840 863 3919 iusti,
886 3840 1084 3928 prudentes,
1107 3841 1196 3927 quod
1219 3841 1257 3906 in

125 3954 248 4019 rudem
274 3953 383 4019 adhuc
410 3952 585 4020 Graeciam
612 3978 672 4043 per
701 3978 795 4020 mare
819 3954 971 4020 melioris
993 3955 1083 4020 vitae
1101 3946 1285 4020 instituta

127 4069 267 4153 iuraque
288 4079 457 4134 venerant.
503 4067 616 4146 Porro,
637 4068 714 4133 c'um
735 4069 795 4146 iis,
814 4067 874 4155 qui
890 4089 983 4132 mare
1001 4067 1188 4154 navigando
1205 4068 1256 4155 pi-

127 4182 311 4268 scandoque
341 4193 514 4260 exercent,
542 4182 680 4271 propria
707 4205 773 4248 esse
806 4182 909 4246 soleat
938 4180 1134 4268 prudentia,
1165 4205 1259 4270 saepe

128 4293 231 4359 etiam
246 4293 308 4361 1110
322 4317 436 4360 rerum
457 4294 663 4373 futurarum,
682 4307 919 4384 tempestatum
931 4306 1013 4381 puta
1033 4306 1258 4362 assertorum
