2967 5209
253 544 325 618 202
692 568 931 616 consumamus

250 740 394 807 tentiam
418 735 488 805 fere
508 740 699 829 Palaephati
723 738 897 805 discedere.
931 734 1129 802 Posteriores
1147 733 1269 799 rectius
1286 732 1375 821 phy·

249 852 352 918 ‘sicam
385 852 490 916 secuti
521 862 601 917 sunt
626 852 810 917 notionem.
861 849 1012 938 Heynius
1043 847 1085 912 ad
1105 846 1262 936 Apollod.
1294 846 1321 912 1.
1347 851 1375 911 l.

248 962 327 1030 Obs.
353 967 385 1030 3.
410 962 625 1031 Centimanos
645 973 678 1029 et
706 962 870 1051 Cyclopas
889 983 954 1027 esse
972 960 1010 1025 in
1030 958 1160 1047 mythis
1178 958 1297 1023 statuit
1317 980 1377 1023 na·

249 1089 344 1142 turae
360 1076 476 1142 omnia
497 1076 684 1164 generantis
705 1075 804 1142 vires.
828 1073 1021 1140 Hermanno
1040 1069 1160 1160 Opuso.
1177 1064 1229 1136 11.
1251 1093 1286 1158 p.
1300 1071 1375 1136 176.

248 1189 319 1255 visa
345 1200 393 1254 est
422 1188 703 1257 Centimanorum
728 1186 898 1275 generatio
919 1184 1048 1274 primos
1070 1193 1206 1249 conatus
1229 1182 1378 1248 indicare

249 1301 414 1366 animatas
442 1311 579 1365 naturas
601 1298 816 1387 procreandi,
840 1319 923 1385 quae
946 1295 1208 1361 immanissime
1228 1291 1376 1387 fuerint,

247 1413 447 1479 luxuriante
475 1410 585 1477 adhue
611 1411 647 1476 vi
673 1409 857 1499 genetrice,
892 1408 1034 1474 necdum
1055 1406 1193 1471 modum
1221 1405 1378 1472 adhibere

247 1525 356 1591 docta.
402 1523 545 1591 Addidit
567 1535 681 1588 tamen
710 1523 750 1588 in
768 1521 913 1587 subiecta
935 1531 1033 1598 nota,
1061 1540 1112 1597 se,
1142 1517 1298 1585 Creuzeri
1321 1519 1377 1584 ob-

248 1635 447 1701 iectionibus
476 1647 629 1713 motum,
652 1634 773 1701 vidisse
794 1635 991 1723 grandinem
1014 1633 1127 1721 potius
1145 1643 1180 1697 et
1196 1630 1325 1697 imbres
1346 1643 1377 1697 et

248 1747 343 1813 nives
362 1746 557 1835 significari.
582 1745 671 1812 Mihi
693 1746 829 1813 videtur
842 1749 1020 1835 potiturum
1035 1745 1258 1834 descriptione
1269 1744 1378 1810 maior

248 1859 410 1946 quaedam
429 1859 482 1925 vis
500 1859 655 1939 indicari,
671 1881 754 1947 quae
775 1880 891 1924 rerum
907 1870 1034 1929 statum
1053 1881 1147 1947 saepe
1162 1856 1376 1936 converterit,

249 1984 290 2037 ut
310 1982 359 2038 est
386 1982 495 2037 terrae
517 1985 675 2038 motuum
704 1996 775 2039 non
795 1974 869 2039 sine
887 1973 1043 2062 procellis
1065 1983 1099 2038 et
1116 1994 1281 2061 aquarum
1303 1973 1377 2037 elu-

249 2086 360 2165 vione,
384 2107 529 2172 quarum
541 2106 657 2150 rerum
678 2086 817 2174 antiquo
834 2087 899 2152 illo
918 2098 1070 2174 tempore
1087 2084 1203 2174 potuit
1211 2084 1377 2151 recentior
1448 2114 1449 2117 ¹

249 2220 316 2264 esse
335 2196 500 2265 memoria
521 2198 576 2263 vel
594 2220 637 2263 ex
655 2198 714 2278 iis,
738 2221 823 2287 quae
842 2199 880 2264 in
901 2198 1036 2265 Graecia
1055 2197 1126 2286 ipsa
1149 2197 1375 2286 contigerant,

250 2313 304 2378 vel
324 2335 368 2377 ex
387 2312 615 2400 lopetidarum
634 2312 676 2378 de
697 2312 831 2379 diluvio
851 2311 1107 2377 traditionibus:
1137 2321 1378 2398 cognatumque

250 2437 333 2515 puto
347 2425 502 2512 equidem
519 2424 699 2512 myrham,
722 2447 789 2511 quo
803 2423 973 2512 Gigantes,
987 2425 1041 2492 vel
1053 2423 1110 2502 hi,
1122 2423 1177 2490 vel
1194 2413 1266 2502 alii,'
1281 2444 1376 2487 mon-

251 2549 300 2602 tes
320 2537 483 2603 diountur
504 2537 701 2624 imposuisse
723 2537 908 2604 montibus.
933 2537 972 2605 In
994 2538 1128 2604 Briareo
1145 2535 1247 2603 fuisse
1264 2536 1374 2614 maris,

250 2672 343 2715 nuno
372 2662 480 2715 terrae
501 2661 634 2738 partem
659 2649 882 2732 absorbentis,
907 2673 999 2716 nunc
1018 2663 1149 2717 montes
1175 2652 1230 2717 vel
1253 2651 1376 2715 insulas

250 2784 295 2829 ex
316 2785 350 2828 se
377 2763 584 2844 attollentis,
616 2764 689 2830 vim
718 2764 903 2829 indicatam
930 2763 1067 2853 colligas
1085 2763 1209 2843 exiis,
1231 2784 1317 2851 quae
1337 2784 1377 2826 ex

251 2876 397 2943 Amiano
421 2873 526 2941 refert
542 2876 739 2942 Eustathius
762 2877 803 2941 ad
829 2878 869 2943 ll.
889 2876 928 2943 A.
946 2899 981 2966 p.
1007 2880 1082 2943 125.
1107 2874 1207 2944 Conf.
1227 2875 1318 2941 idem
1341 2875 1376 2940 in
1450 2848 1451 2911 f

252 2990 392 3078 Dionys.
414 2989 539 3078 Perieg.
564 2991 619 3056 ot.
641 3000 675 3054 et
694 2988 829 3055 Scholia
848 2990 888 3055 ad
908 2990 1066 3077 Apollon.
1093 2988 1203 3055 Rhod.
1225 2986 1253 3054 1.
1280 2990 1373 3052 1165.

251 3101 402 3168 Omnino
424 3101 498 3169 vim
524 3113 558 3166 et
584 3122 733 3190 pugnam
752 3103 997 3167 elementorum
1016 3101 1080 3167 hoo
1105 3102 1147 3166 de
1171 3100 1377 3168 Centimanis

254 3213 376 3301 mytho
401 3211 684 3278 submonstratam
701 3212 859 3282 arbitror.
886 3214 1051 3303 Cogitasse
1068 3226 1181 3280 tamen
1196 3214 1239 3279 de
1256 3213 1313 3279 his
1327 3213 1377 3278 vel

253 3328 438 3394 Homerum
468 3327 523 3393 vel
542 3326 724 3392 Hesiodum
749 3328 928 3393 adfirmare
949 3327 1077 3404 nolim,
1105 3350 1184 3392 cum
1205 3326 1380 3415 potuerint

252 3439 293 3505 hi
315 3439 354 3504 in
383 3436 518 3526 pridem
545 3437 693 3503 inductis
721 3426 793 3504 illis
817 3438 982 3527 mythicis
1008 3438 1159 3526 personis
1179 3437 1380 3526 simpliciter

152 3598 154 3607 .
254 3549 398 3615 tributas
419 3549 492 3614 illis
514 3550 718 3637 prodigiosas
740 3549 830 3616 vires
851 3560 1006 3637 spectare.

297 3661 391 3731 Cotti
415 3659 609 3729 Centimani
634 3661 745 3727 rarior
761 3659 862 3727 fuisse
883 3661 1017 3728 videtur
1030 3660 1069 3726 in
1088 3660 1294 3752 Graecorum
1307 3671 1381 3751 post

191 3839 195 3849 s
253 3776 435 3844 Hesiodum
455 3773 662 3841 carminibus
680 3774 821 3859 mentio.
870 3773 975 3863 Gygis
995 3773 1257 3862 hequentiorem
1279 3773 1381 3841 fuisse

252 3891 390 3978 colligas
411 3912 455 3954 ex
477 3889 616 3954 Horatio
645 3887 758 3955 Carm.
780 3887 823 3954 Π.
845 3887 953 3954 XVII.
976 3890 1006 3955 t.
1039 3887 1099 3954 III.
1122 3887 1179 3956 IV.
1205 3889 1260 3953 69.
1286 3884 1379 3954 Ovi-

252 4002 310 4068 dio
338 4003 381 4070 II.
411 4001 489 4069 Am.
514 4003 541 4070 1.
568 4003 620 4070 12.
646 4002 704 4071 IV.
728 4003 817 4067 Fast.
843 4004 920 4068 593.
937 4001 1010 4069 JV.
1033 4001 1091 4066 Tr.
1108 4001 1183 4068 Vll.
1204 4003 1256 4067 18.
1287 4000 1381 4066 Bria·

254 4115 322 4194 rei,
362 4115 447 4180 dicti
474 4115 577 4180 etiam
608 4115 649 4180 ab
682 4114 759 4179 aliis
788 4125 863 4202 post
893 4114 1076 4180 Homerum
1107 4115 1133 4179 l.
1167 4137 1197 4179 c.
1229 4113 1377 4201 Aegaeo-

255 4228 327 4305 nis,
358 4218 514 4316 frequens
546 4251 622 4294 sane
650 4224 729 4293 fuit.
761 4226 838 4293 vid.
876 4226 1012 4294 Gallim.
1048 4225 1088 4291 H.
1124 4225 1161 4290 in
1193 4226 1266 4291 Del.
1304 4227 1376 4289 143.

254 4339 366 4408 Sohol.
401 4342 441 4406 ad
474 4342 632 4429 Apollon.
673 4340 782 4407 Rhod.
818 4342 844 4408 l.
882 4364 909 4405 c.
940 4340 1063 4427 Virgil.
1096 4338 1177 4406 Aen.
1209 4339 1267 4405 Vl.
1302 4339 1374 4421 287.
