2967 5209
243 490 313 603 381)
677 511 915 558 conueniens

242 683 447 772 rigantibus,
471 694 510 745 ut
536 704 634 746 mane
654 683 736 745 oriri
762 680 817 747 Sol
838 705 855 745 e
875 682 981 757 mari,
1006 681 1052 744 ita
1074 681 1201 768 vesperi
1220 681 1257 743 in
1271 680 1368 744 illud

241 819 273 861 se
301 795 447 882 recipere
471 794 614 859 videtur.
662 794 840 859 Dicebatur
872 803 983 858 autem
1010 792 1186 859 Veteribus
1210 791 1368 857 Oceanus

240 919 311 971 tam
330 907 369 971 ad
389 905 582 983 Orientem,
602 929 701 992 quam
725 909 765 972 ad
786 905 1012 984 Occidentem,
1029 907 1138 971 ,maris
1156 928 1232 993 pars
1250 927 1367 969 remo·
1470 940 1471 995 q

240 1020 317 1084 tior.
365 1020 476 1106 ltaque
506 1020 727 1085 Mimnermus
758 1020 847 1107 apud
878 1019 1074 1085 Strabonem
1100 1019 1125 1084 Ι.
1148 1042 1182 1106 p.
1214 1019 1266 1083 47.
1291 1040 1366 1081 me-

240 1143 349 1196 morat
371 1118 493 1210 Αἰήταο
517 1122 630 1212 πόλιν,
653 1119 722 1233 ffb
747 1125 779 1194 τ’
804 1123 900 1202 ὠκέας
921 1120 1037 1210 detecto
1058 1125 1201 1200 Ἀκτῖνες
1225 1119 1367 1218 χρυσέῳ

240 1236 367 1309 saturat
392 1231 424 1308 ἓν
446 1232 588 1333 θαλάμῳ
608 1235 765 1309 Ὠκεανοῦ
791 1236 884 1332 rapit
907 1237 1055 1334 geilec',
1082 1230 1123 1307 ‘lu’
1144 1232 1260 1332 ᾤχετο
1285 1230 1368 1311 θεῖος

242 1345 357 1435 Ἰήσων.
403 1357 510 1445 Atque
531 1359 613 1423 hinc
634 1356 732 1423 facile
752 1358 978 1446 intelligitur,
1002 1357 1167 1443 quomodo
1187 1356 1295 1421 dictus
1321 1356 1369 1419 sit

140 1548 143 1555 p
241 1470 353 1535 Aeetes
374 1469 461 1536 Solis
483 1492 526 1534 ex
546 1469 713 1536 Oceanina
746 1471 855 1548 filius,
886 1469 1019 1555 eiusque
1050 1468 1177 1532 coniux
1201 1466 1294 1530 lduia
1319 1466 1367 1553 (v.

242 1583 330 1674 959.)
360 1586 443 1649 item
467 1584 589 1651 Oceani
612 1585 694 1649 filia.
741 1584 852 1670 Neque
873 1584 985 1670 dispar
1008 1582 1095 1646 ratio
1126 1581 1164 1645 in
1195 1579 1308 1656 Circe,
1339 1581 1368 1642 si

239 1699 372 1784 quidem
392 1698 505 1762 ‘Aeaea
528 1707 562 1761 et
584 1698 655 1785 ipsa
677 1709 710 1762 et
739 1697 869 1774 insula,
894 1696 931 1758 in
954 1718 1019 1781 qua
1042 1694 1194 1781 degebat,
1218 1692 1369 1757 Homero

240 1808 302 1874 Od.
331 1810 359 1873 l.
391 1812 443 1874 32.
468 1809 509 1873 A·
535 1811 589 1875 70.
616 1809 706 1874 dicta
728 1806 835 1872 fuerit
854 1807 895 1872 ab
915 1805 998 1884 Aea,
1023 1805 1229 1871 Colchorum
1260 1803 1367 1879 urbe,

240 1945 295 1987 seu
318 1923 462 2010 regione.
491 1922 572 1988 vSed
595 1920 826 1987 difficultatem
852 1919 948 1986 Circe
967 1917 1059 1996 facit,
1082 1919 1119 1983 in
1134 1919 1196 1983 illa
1213 1916 1367 2004 Hesperii

239 2035 343 2099 maris
361 2035 471 2101 insula
491 2035 623 2123 degens:
642 2034 731 2098 unde
751 2000 940 2119 fuere,lqui
960 2033 1041 2098 duas
1057 2030 1167 2097 Circae
1186 2029 1370 2095 commini-

240 2160 428 2227 scerentur,
461 2149 599 2213 alteram
635 2146 845 2224 Colchioam,
875 2147 1016 2210 alteram
1042 2142 1236 2231 Hesperiam
1273 2143 1367 2228 (Vid.

241 2258 351 2325 Schol.
381 2260 421 2324 ad
448 2261 605 2348 Apollon.
628 2260 739 2325 Rhod.
762 2260 805 2326 ΙΙ.
822 2262 905 2337 ,3911
932 2258 993 2323 ΙΙΙ.
1017 2255 1121 2344 311.),
1143 2257 1231 2343 quod
1253 2268 1370 2320 tamen

240 2370 417 2436 manifesto
438 2371 627 2459 refragatur
650 2354 787 2436 Homeri
805 2383 902 2458 atque
919 2371 1055 2452 Hesiodi
1070 2370 1260 2459 sententiae,
1283 2391 1366 2455 quo-

240 2506 318 2548 rum
341 2496 480 2569 uterque
499 2485 666 2571 cognitam
684 2482 799 2569 Vlyssi
820 2481 937 2548 Circen
953 2479 1071 2546 Aeetae
1086 2478 1292 2546 Colchorum
1309 2501 1368 2542 re-

241 2596 290 2682 gis
311 2618 457 2660 sororem
487 2593 568 2658 facit
596 2593 700 2682 (infra
727 2597 809 2658 1011
834 2616 918 2679 seqq.
950 2591 1013 2658 Od.
1037 2593 1076 2658 K.
1104 2588 1208 2676 137.).
1254 2592 1365 2675 Itaque

242 2707 303 2770 alii
325 2706 432 2772 varias
455 2727 564 2768 causas
589 2705 771 2769 commenti
796 2715 892 2783 sunt,
920 2727 981 2768 our
1003 2703 1098 2769 Circe
1122 2702 1263 2769 Colchos
1293 2723 1369 2765 suos

242 2818 429 2903 reliquerit.
451 2817 529 2884 Vid.
547 2816 645 2882 Diod.
665 2815 729 2882 Sic.
753 2817 810 2884 IV.
831 2819 883 2882 45.
904 2817 980 2886 Val.
997 2817 1103 2882 Flaoc.
1119 2816 1194 2883 VII.
1211 2819 1286 2880 120.
1303 2818 1368 2879 217

178 3006 185 3015 Ι
242 2952 326 3016 seqq.
374 2931 454 2996 Eam
477 2930 582 3017 patris
603 2952 705 2994 curru
728 2929 897 2994 devectam
917 2932 955 2993 in
974 2951 1067 2994 mare
1080 2928 1278 3016 Hesperium
1300 2941 1371 2991 tra·

243 3048 295 3112 dit
316 3048 475 3134 Apollon.
501 3047 611 3112 Rhod.
635 3045 695 3110 ΙΙΙ.
715 3047 804 3123 3119.,
825 3068 894 3109 non
910 3044 1089 3110 Hesiodum
1109 3045 1170 3109 ille
1192 3044 1228 3108 in
1248 3067 1285 3108 ea
1312 3065 1371 3119 re,

205 3228 208 3237 ,
242 3163 331 3249 quod
353 3162 379 3226 l.
395 3161 437 3225 H.
457 3161 572 3228 Vossio
593 3162 702 3224 risum
718 3159 817 3249 (Epp.
834 3159 980 3247 Mythol.
999 3160 1072 3226 XV.
1093 3160 1131 3222 T.
1152 3158 1196 3224 ΙΙ.
1213 3181 1247 3246 p.
1264 3155 1371 3244 122),

244 3275 368 3338 sedin
390 3274 454 3337 hoc
476 3284 621 3351 secutus,
645 3273 733 3359 quod
759 3271 877 3337 Circen
900 3272 1045 3336 incolam
1069 3270 1172 3366 maris
1194 3270 1374 3357 Tyrrheni

135 3470 147 3484 ο
243 3386 372 3450 insulae
404 3383 494 3450 facit.
526 3385 604 3452 Vid.
637 3383 730 3449 infra
755 3387 838 3449 1015
860 3407 925 3470 seq.
973 3382 1027 3448 Sic
1058 3385 1150 3449 enim
1179 3383 1371 3469 accipienda

244 3497 344 3562 verba
370 3495 570 3562 Scholiastae
593 3498 634 3561 ad
656 3499 815 3585 Apollon.
839 3497 905 3561 Rh.
928 3498 951 3561 l.
975 3520 1003 3559 c.
1049 3494 1112 3561 Sed
1134 3495 1271 3559 fortasse
1293 3494 1370 3561 Cir-

244 3632 303 3675 cen
323 3609 515 3697 Hesperiam
537 3620 571 3673 et
592 3609 674 3673 hinc
699 3607 786 3673 Solis
810 3608 918 3673 filiam
933 3609 1057 3673 dictam
1075 3611 1192 3695 po'etae
1212 3609 1371 3694 γενεαλο-

245 3721 379 3809 γοῦντες
400 3744 471 3786 eam
494 3720 537 3785 ob
556 3743 690 3797 ,causam
713 3721 815 3786 etiam
838 3723 955 3786 Aeetae
977 3742 1124 3784 sororem
1147 3731 1181 3782 et
1200 3719 1247 3783 sic
1266 3718 1371 3805 origi-

245 3857 287 3900 ne
310 3834 503 3900 Colchicam
526 3834 715 3912 finxerunt,
740 3833 947 3920 praesertim,
971 3833 1059 3919 quod
1087 3831 1224 3906 iisdem,
1246 3830 1369 3916 quibus

118 3986 121 3997 ·
246 3948 374 4024 Medea,
398 3945 525 4019 artibus
547 3947 737 4011 excelleret.
787 3944 926 4011 Certum
948 3944 1083 4031 quidem
1101 3954 1159 4020 est,
1183 3943 1285 4007 etiam
1303 3943 1369 4008 He·

245 4059 367 4145 sperias
402 4055 488 4122 Solis
521 4057 607 4121 filias
638 4057 805 4144 agnovisse
832 4057 976 4124 Veteres.
1022 4055 1076 4122 Sic
1107 4057 1304 4143 Lampetien
1334 4067 1370 4121 et

246 4169 489 4246 Phaethusam‚
516 4169 620 4257 patris
652 4166 738 4233 Solis
764 4169 872 4234 boves'
892 4171 929 4233 in
958 4170 1067 4234 insula
1093 4168 1368 4255 maris-Hesperii

247 4283 419 4348 Trinacria
433 4293 609 4370 pascentes,
629 4294 793 4347 memorat
812 4282 975 4349 Homerus
993 4281 1055 4347 Od.
1076 4282 1120 4347 M.
1137 4285 1194 4345 131
1214 4304 1295 4366 seq.;
1321 4280 1369 4345 sic
