2967 5209
226 448 298 521 220
660 475 898 522 coussrsmvs
953 494 958 501 ·

225 649 342 713 Pareae
358 658 424 713 tres
447 644 483 734 (i.
502 669 532 711 e.
554 645 691 728 Clotho,
709 647 871 727 Lachesis,
893 646 1061 736 Atropos)
1077 647 1232 729 Nemesis,
1253 649 1360 716 Ami-

185 754 188 759 ’
224 760 320 839 citis,
345 758 516 838 Senectus,
543 760 732 839 Discordia,
753 760 807 826 sed
827 782 910 848 quos
928 781 1043 824 omnes
1063 758 1186 825 liberos
1204 763 1287 825 item
1308 782 1358 826 ex

225 871 332 938 Erebo
351 871 427 937 Nox
447 872 635 960 susceperit.
680 871 835 938 Similem
853 871 1040 937 liberorum
1063 873 1176 938 Noctis
1199 886 1233 938 et
1251 872 1358 940 Erebi

224 1006 396 1050 recensum
418 983 520 1050 habet
542 983 658 1052 Cicero
678 985 720 1049 de
740 984 781 1050 N.
807 985 849 1050 D.
875 984 935 1051 111.
961 987 1014 1049 17.

276 1099 316 1161 In
335 1118 392 1163 vr.
412 1098 490 1161 212.
512 1098 577 1165 213
591 1119 710 1162 manus
728 1099 972 1186 interpolatrix
995 1096 1063 1162 visa
1084 1096 1216 1185 Heynio
1234 1098 1272 1162 in
1288 1098 1355 1186 Ep.

224 1209 474 1288 adW01fium,
495 1210 571 1297 qui,
594 1211 735 1289 vellem,
760 1210 879 1275 iudicii
901 1233 1013 1276 causas
1031 1209 1218 1276 addidisset.
1264 1211 1359 1293 Ver-5

224 1347 299 1390 sum
322 1323 458 1412 quidem
483 1323 548 1387 212
568 1322 610 1389 ab
629 1323 772 1389 Hesiodo
791 1320 981 1411 profectum
1000 1334 1146 1411 arguunt
1169 1345 1281 1389 versus
1300 1324 1358 1387 in·

224 1435 278 1523 lfra
299 1440 364 1503 758
386 1458 450 1522 seq.
496 1435 603 1524 Super
630 1458 727 1502 versu
758 1437 823 1502 213
848 1438 1046 1525 scrupulum
1067 1436 1206 1502 iniicere
1225 1449 1358 1525 potest,
1405 1454 1408 1459 ⁴

222 1551 312 1637 quod
332 1549 431 1615 aliter
453 1549 620 1614 tradidere
638 1548 755 1617 Cicero
771 1562 805 1615 et
820 1549 984 1638 Hyginus,
1002 1561 1036 1614 at
1051 1573 1120 1614 non
1135 1572 1213 1614 eum
1224 1560 1354 1628 tamen,

223 1674 263 1727 ut
274 1661 349 1728 ideo
368 1665 485 1751 poetae
503 1684 638 1728 versum
658 1661 920 1728 abiudicandum
934 1683 1133 1730 censeamus.
1158 1662 1244 1728 Nam
1257 1662 1355 1749 quid,

222 1776 252 1840 si
271 1776 379 1842 alium
405 1775 462 1841 illi
484 1774 587 1840 secuti
609 1785 689 1840 sunt
713 1772 908 1840 auctorem?
953 1773 1041 1841 Sunt
1060 1796 1137 1840 sane
1159 1775 1248 1862 apud
1274 1775 1358 1840 illos

223 1887 305 1956 locis
327 1887 438 1953 citatis
458 1887 561 1953 etiam
580 1887 645 1953 alia
662 1886 704 1952 ab
724 1886 891 1953 Hesiodeis
910 1887 946 1953 h.
963 1889 988 1955 l.
1013 1887 1153 1954 diversa.
1189 1886 1279 1953 Mihi
1294 1909 1356 1952 au·

142 2060 145 2069 .
222 2011 309 2080 tem,
329 2000 383 2067 vel
404 2001 433 2065 si
452 1999 539 2066 absit
554 1999 612 2065 hic
634 2022 765 2078 versus,
785 2020 865 2066 vero
885 1999 999 2064 simile
1016 1999 1108 2064 haud
1125 1999 1270 2077 videtur,
1291 1999 1356 2065 ha·

221 2113 335 2178 bitum
356 2113 481 2180 horum
501 2135 631 2201 quoque
645 2112 833 2191 liberorum
842 2124 974 2200 patrem
990 2111 1138 2178 Erebum
1147 2111 1189 2176 ab
1200 2112 1354 2191 Hesiodo,

221 2227 317 2292 cuius
333 2227 372 2292 in
386 2251 419 2295 v.
437 2227 515 2293 214.
539 2212 685 2313 δεύτερον
706 2236 782 2313 post
801 2246 915 2291 versus
934 2226 996 2289 211
1023 2247 1089 2312 seq.
1108 2225 1187 2291 satis
1207 2225 1354 2303 indicet,

221 2361 300 2405 eum
328 2339 432 2404 huius
455 2338 578 2405 sobolis
608 2338 753 2404 aNocte
777 2338 1042 2424 procreationem
1072 2338 1258 2402 seiunctam
1289 2337 1355 2402 sibi

221 2449 419 2516 informasse
437 2450 479 2516 ab
495 2450 558 2515 illa
576 2471 676 2536 supra
694 2471 727 2516 v.
748 2450 812 2513 124
828 2471 893 2536 seq.
916 2460 1113 2515 memorata.
1160 2449 1355 2538 Agnoscunt

221 2586 357 2634 versum
388 2563 516 2651 pariter
545 2560 680 2627 Scholia
704 2574 737 2626 et
771 2584 885 2643 omnes
906 2560 1043 2650 Scripti.
1096 2562 1291 2628 Profectum
1312 2563 1355 2627 ab

222 2675 362 2742 Hesiodo
389 2675 508 2739 statuit
535 2673 749 2739 Hermannus
774 2673 813 2738 in
838 2671 985 2740 Censura
1008 2675 1297 2763 Goettlingianae,
1319 2697 1353 2741 se

127 2842 129 2845 .
222 2799 357 2854 tantum
372 2787 535 2853 offendere
552 2797 690 2852 testatus
711 2786 753 2851 ad
772 2785 887 2866 illum,
906 2786 1004 2852 nulla
1022 2790 1142 2875 copula
1163 2810 1242 2852 cum
1262 2799 1356 2853 ante·

221 2902 356 2967 cedente
374 2923 585 2979 connexum,
607 2898 825 2987 quamobrem
849 2899 890 2963 de
910 2900 976 2964 alia
995 2901 1183 2965 recensione
1206 2901 1354 2989 cogitan-

222 3014 305 3079 dum
327 3025 446 3102 putat,
476 3036 561 3101 quae
586 3033 720 3077 versum
743 3011 808 3076 212
834 3010 990 3100 ignorans
1011 3013 1058 3079 sic
1078 3012 1254 3078 habuerit:
1279 3002 1355 3094 Νὺξ

224 3115 254 3191 δ’
279 3114 362 3190 αὖτε
386 3116 545 3214 στυγερόν
569 3142 608 3189 τε
632 3114 739 3212 Μόρον
764 3144 795 3190 κ.
821 3123 859 3190 Κ.
886 3144 925 3217 μ.
969 3117 1085 3190 otrus
1109 3113 1302 3208 κοιμηθεῖσα
1323 3145 1355 3190 κ.

223 3258 255 3304 τ.
280 3241 314 3300 λ.
338 3239 392 3305 vel
412 3261 526 3305 versus
546 3222 613 3303 22'0
629 3250 664 3304 et
687 3240 750 3302 221
770 3235 872 3303 fuisse
890 3248 965 3326 post
984 3260 1017 3302 v.
1036 3238 1101 3302 213
1120 3248 1154 3301 et
1172 3247 1250 3301 ante
1263 3236 1355 3301 hunc

223 3352 349 3430 alium,
367 3350 489 3438 inquo
508 3351 677 3438 Erinnyes
699 3363 858 3437 tanquam
880 3348 993 3416 Noctis
1013 3348 1105 3414 filiae
1123 3349 1355 3415 memoraban-

223 3477 299 3544 tur,
322 3485 423 3551 quem
444 3450 686 3542 diastemata
707 3463 917 3552 expunxerit
935 3462 978 3528 ob
998 3484 1098 3551 supra
1117 3473 1287 3553 receptam
1305 3462 1354 3527 sl·

222 3578 328 3644 terius
349 3575 549 3641 recensionis
571 3575 800 3642 traditionem.

267 3829 300 3870 v.
325 3804 513 3870 stt-225.
548 3801 701 3890 Mythico
724 3822 886 3867 sermone
915 3800 1105 3879 dicta—sunt
1121 3797 1223 3863 Nocte
1246 3798 1349 3874 edita,

223 3918 353 4004 primo,
390 3916 511 4004 quibus
541 3915 617 3981 Nox
645 3924 760 3978 ortum
787 3923 820 3975 et
851 3911 1054 3976 occasionem
1084 3910 1158 3987 dat,
1186 3882 1349 3986 Somnus,

223 4030 375 4107 Somnia,
408 4017 546 4114 Φιλότης
568 4052 594 4092 s.
617 4025 812 4092 concubitus
832 4026 876 4108 (v.
895 4026 972 4091 212.
996 4022 1100 4112 224.),
1119 4022 1248 4102 deinde,
1268 4046 1350 4110 quae

223 4163 275 4205 res
292 4141 396 4206 noctis
414 4142 520 4207 instar
539 4139 679 4215 habent,
703 4138 789 4218 sive,
815 4138 905 4223 quod
922 4140 1032 4203 lucem
1050 4137 1209 4213 demunt,
1227 4148 1267 4199 ut
1286 4159 1348 4201 va-

224 4256 294 4319 riae
317 4256 436 4321 mortis
456 4254 576 4342 species
598 4251 644 4341 (v.
667 4252 742 4316 211.
762 4247 872 4337 212),
890 4251 968 4328 sire,
988 4250 1075 4336 quod
1094 4249 1295 4337 perniciosae
1316 4259 1347 4311 et
