2967 5209
243 455 316 532 252
637 506 642 511 -
687 473 930 530 coursnrsutvs

243 666 277 719 et
304 653 500 742 Typhaonis
530 649 673 740 prolem)
704 643 780 723 Athe
811 642 876 721 vile
910 637 1043 736 ἒνῇρνντο
1078 649 1124 737 (ν.
1153 647 1265 737 316.),
1290 634 1369 728 ἡδὶ

242 767 297 832 sed
313 767 373 831 illa
397 765 453 855 (sc.
477 762 641 852 Echidna)
665 756 824 852 Χίμαιραν
847 757 967 829 ἔτικτε.
1013 761 1087 828 Non
1105 762 1311 826 attendentes
1327 762 1369 826 ad

243 901 376 944 versum
406 878 502 955 316„
533 875 718 942 Scholiasta
741 876 898 944 Cantabr.
929 886 964 940 et
987 873 1203 940 Mombritius
1226 863 1244 953 ἡ
1268 861 1306 939 δὲ
1328 874 1371 938 ad

242 993 436 1080 proximam
456 990 608 1080 Hydram
630 992 833 1058 retulerunt.
856 984 955 1057 Conf.
977 1010 1078 1076 supra
1098 988 1155 1053 dd.
1176 988 1269 1057 adv.
1291 989 1368 1061 295.

243 1104 398 1192 Apollod.
418 1104 442 1168 l.
464 1126 493 1167 c.
542 1092 757 1169 Chimaeram
774 1103 939 1169 Homerus
960 1102 1147 1168 11.z.1so.
1167 1101 1371 1190 simpliciter

243 1204 322 1282 θεῖον
342 1207 458 1304 γένος,
483 1201 549 1280 oril'
573 1201 742 1302 ἀνθρώπων
764 1226 874 1293 vocat,
908 1215 999 1279 idem
1020 1214 1061 1280 Il.
1083 1215 1128 1280 ss.
1154 1215 1232 1281 328.
1261 1214 1372 1279 obiter

241 1329 403 1407 indicans,
429 1350 503 1393 eam
524 1328 692 1393 nutritam
708 1327 809 1394 fuisse
828 1327 1206 1414 abAmisodaro‘Lycio.
1236 1325 1371 1416 Quippe

241 1451 358 1505 notam
386 1439 447 1509 ille
468 1437 621 1504 fabulam
642 1438 816 1527 tangebat,
840 1452 971 1528 partem
991 1440 1125 1527 pridem
1149 1439 1309 1506 celebrati
1333 1439 1370 1504 in

242 1553 363 1639 vulgus
386 1552 503 1640 mythi
526 1550 737 1617 Corinthiaci
762 1552 804 1618 de
822 1553 921 1617 rebus
939 1576 958 1617 a
979 1553 1238 1642 Bellerophonte
1260 1552 1368 1640 gestis.

241 1665 417 1730 Poetarum
439 1675 550 1729 autem
570 1665 612 1728 de
632 1663 811 1730 Chimaera
830 1664 1019 1729 narrationi
1036 1665 1161 1731 dedisse
1179 1677 1293 1730 ortum
1309 1688 1369 1753 po-

240 1786 320 1854 test,
340 1774 429 1862 quod
451 1774 577 1840 Iobates
596 1774 717 1862 Lyciae
736 1797 816 1853 rex,
834 1797 930 1854 cum,
952 1787 991 1840 ut
1013 1775 1178 1841 Homerus
1198 1773 1303 1841 refert
1326 1776 1366 1841 ll.

240 1889 276 1953 Z.
290 1889 352 1955 tos
369 1908 467 1973 seqq,
482 1909 527 1951 ex
546 1908 665 1951 arcano
679 1886 801 1964 Proeti,
817 1885 1076 1953 Corinthiorum
1096 1889 1191 1975 regis,
1213 1889 1367 1955 mandato

240 2000 425 2088 perniciem
447 1999 701 2086 Bellerophonti
724 2010 885 2078 strueret,
910 2022 988 2065 eum
1018 1999 1113 2064 misit
1137 2010 1298 2065 venatum
1312 2023 1367 2065 ca-

239 2134 338 2200 pram
360 2113 577 2200 sylvestrem,
603 2103 766 2202 χὶμνινρνιν
786 2111 869 2202 (vid.
894 2112 1036 2198 Hesych.
1060 2112 1095 2178 h.
1122 2110 1182 2199 v.)‚
1210 2113 1248 2177 in
1272 2113 1365 2190 loca,

239 2224 300 2291 ubi
322 2247 495 2290 summum
517 2247 647 2312 quoque
671 2247 690 2290 a
709 2224 863 2290 leonibus
887 2238 920 2289 et
945 2226 1154 2314 serpentibus
1175 2225 1366 2313 periculum

240 2349 325 2418 erat3
347 2361 391 2407 ex
413 2361 478 2425 quo
504 2339 635 2427 triplici
657 2336 809 2403 ferarum
832 2360 951 2426 genere
973 2339 1093 2404 deinde
1113 2339 1287 2427 mythicus
1302 2361 1365 2404 ser·

238 2472 297 2515 mo
317 2462 350 2515 et
362 2453 540 2537 poetarum
556 2462 746 2517 commenta
765 2450 867 2515 unius
884 2452 1029 2538 speciem
1042 2450 1174 2518 belluae
1190 2452 1366 2528 finxerint,

143 2650 147 2659 Δ
239 2560 442 2626 triformem·
457 2562 685 2629 Chimaeram.
715 2561 845 2628 Nomen
864 2563 1001 2648 quidem
1020 2564 1130 2652 ipsum
1147 2565 1293 2652 cogitare
1308 2589 1365 2631 nos

238 2666 417 2764 praecipue
435 2678 477 2741 de
494 2699 593 2763 capra
614 2675 723 2754 iubet,
749 2677 804 2740 sed
823 2677 978 2742 vastioris
994 2679 1134 2765 generis,
1152 2679 1206 2743 vel
1219 2679 1367 2744 maxime

240 2786 323 2866 feri,
342 2790 455 2876 quales
475 2810 552 2854 oves
569 2787 727 2876 caprique
741 2788 918 2875 sylvestres
932 2789 1167 2855 deseribuntur
1187 2791 1277 2879 apud
1294 2789 1365 2878 Op·

240 2901 331 2989 pian.
356 2900 481 2989 Cyneg.
506 2901 549 2968 ΙΙ.
571 2903 647 2968 328.
679 2889 757 2967 θέειν
777 2893 923 2987 νρννννν)
947 2889 1094 2988 σθεννρνῖ
1116 2919 1154 2966 τε
1174 2890 1367 2994 μάχεσθαι,

239 3037 442 3103 quamquam
460 3015 644 3103 significari
660 3036 789 3100 quoque
803 3015 915 3102 potuit
926 3014 1021 3081 aliud
1033 3026 1212 3080 cornutum
1228 3016 1365 3094 animal,

241 3130 282 3194 ad
300 3151 417 3216 caprae
431 3130 575 3217 figuram
591 3129 764 3207 accedens,
787 3138 826 3190 ut
844 3150 934 3214 oryx
954 3127 1035 3216 (vid.
1056 3128 1145 3195 Plin.
1160 3127 1201 3193 H.
1218 3129 1258 3194 N.
1274 3130 1364 3197 Vlll.

242 3246 295 3307 53.
316 3241 463 3330 Oppian.
487 3225 620 3331 Cyneg}
633 3243 677 3308 ll.
699 3242 764 3307 445
783 3238 897 3328 seqq.)‚
919 3243 982 3319 vel,
1003 3265 1087 3328 quae
1104 3254 1313 3308 memoratur
1327 3243 1366 3307 ab

241 3354 416 3421 Eustathio
436 3355 477 3419 ad
500 3355 540 3420 Il.
564 3377 598 3442 p.
618 3355 694 3420 634.
717 3355 772 3417 ot.
799 3346 891 3419 sarh
908 3349 1130 3440 Πτολεμαῖον,
1150 3345 1366 3444 ἡμεγαλόκε·

240 3485 307 3563 porc.
354 3465 447 3531 Hanc
471 3467 733 3553 qualemcunque
755 3463 863 3532 feram
886 3455 985 3545 δεινήν
1007 3485 1045 3531 τε
1067 3456 1220 3556 μεγάλην
1245 3486 1284 3533 τε
1306 3487 1366 3532 vro·

240 3567 348 3645 δῶκννί
372 3596 410 3644 τε
433 3569 585 3667 κρατερήν
610 3595 647 3643 τε
670 3578 716 3667 (v.
738 3581 831 3667 320.)
851 3581 986 3668 Pegasus
1004 3592 1038 3645 et
1055 3581 1281 3670 Bellerophon
1297 3582 1321 3648 i.
1337 3606 1364 3648 e.

240 3696 312 3775 hic,
341 3717 516 3787 conscenso
541 3695 658 3782 Pegaso
686 3693 771 3777 (vid.
795 3695 951 3783 Apollod.
983 3695 1025 3760 Π.
1053 3695 1113 3763 ΠΙ.
1135 3697 1192 3781 2.),
1216 3679 1304 3775 εἷλε,
1327 3695 1365 3758 de

241 3809 350 3874 medio
382 3806 535 3885 sustulit,
566 3806 686 3872 occidit
714 3802 758 3896 (v.
787 3804 889 3895 325.).
936 3805 1035 3893 Quod
1066 3806 1279 3874 Chimaeram
1304 3808 1364 3894 πῦρ

146 3990 149 3997 ,
239 3912 342 3987 πνέειν
364 3919 643 3985 Homerus'dixit
669 3919 711 3984 ll.
731 3920 766 3984 Z.
790 3919 851 3983 181
871 3941 951 4004 seq„
971 3918 1030 4006 qui
1051 3941 1163 3984 versus
1187 3920 1291 3985 etiam
1312 3921 1363 3985 hic

240 4035 399 4122 leguntur
415 4027 460 4120 (v.
479 4031 554 4099 323.
576 4026 635 4116 4.),
654 4031 689 4096 id
706 4031 776 4095 iam
786 4031 920 4099 Veteres
938 4029 1045 4096 l'erme
1059 4031 1271 4119 interpretati
1286 4043 1362 4097 sunt

239 4146 280 4210 de
298 4156 413 4211 monte
434 4143 616 4231 ignivomo,
632 4165 731 4229 quem
754 4144 855 4230 vulgo
878 4141 1024 4230 Cragum
1045 4143 1166 4230 Lyciae
1186 4141 1287 4210 fuisse
1301 4167 1359 4209 vo-

239 4261 334 4338 lunt,
369 4260 427 4324 ubi
447 4260 608 4345 quaedam
630 4258 709 4323 adeo
733 4258 900 4323 convalles
926 4280 1050 4325 nomen
1068 4257 1253 4325 retinerent
1278 4259 1358 4327 Chi·
