2967 5209
180 478 186 488 “
241 460 312 537 142
682 485 923 535 marsuas

237 657 387 733 dodum,
403 654 574 733 difficilior
593 656 741 747 quaestio
757 655 880 736 evadit,
898 666 1018 721 utrum
1036 654 1251 723 haecomnia
1266 658 1378 743 podia

237 771 279 837 ad
311 770 474 851 maiorem
506 769 560 837 sui
588 769 845 857 carminumque
874 790 1013 835 suorum
1039 768 1380 839 commendationem
1467 758 1468 761 ¹

237 882 374 951 finxisse
408 883 587 951 censendus
610 884 673 963 sit,
700 906 745 950 an
772 905 853 979 vero
874 883 945 972 ipse
968 905 1101 949 causam
1122 881 1276 948 habuisse
1299 882 1380 949 ali-

236 1018 340 1083 quam
353 995 520 1075 crcdendi,
542 1017 712 1065 serasera
729 996 909 1083 aliquando
929 995 1102 1065 Musarum
1123 1006 1199 1060 tum
1218 994 1379 1081 alloquio

238 1122 314 1175 tum
343 1130 484 1177 munem
518 1110 723 1181 honoratum
752 1109 863 1179 fuisse.
910 1112 1027 1189 Prius,
1058 1133 1075 1176 e
1102 1109 1300 1184 Veteribus,
1328 1121 1379 1177 ut

238 1222 427 1291 Lucienum
447 1224 485 1293 iu
506 1225 600 1313 Disp.
623 1248 702 1296 cum
725 1224 868 1291 Hesiodo
886 1203 1093 1312 ripuariam
1114 1234 1259 1301 taceam,
1288 1243 1377 1288 ma-

237 1335 360 1403 nifesto
387 1336 507 1403 statuit
524 1337 685 1405 Aristides
702 1339 728 1407 l.
749 1360 777 1405 c.
800 1337 981 1405 Hesiodum
1003 1335 1046 1423 ob
1066 1336 1154 1405 hanc
1172 1333 1375 1401 iactantiam

238 1443 404 1540 σχέτλιον
428 1444 485 1519 aa)
511 1441 669 1540 ὑβριστὴν
690 1473 828 1530 vocaus;
853 1473 872 1516 e
899 1448 1142 1519 recentioribus
1161 1459 1276 1515 autem
1295 1469 1375 1515 ma-

237 1563 333 1635 xime
359 1561 509 1631 Clericus
528 1575 562 1635 et
579 1564 806 1643 Robinsonus,
827 1585 974 1650 quorum
1003 1561 1060 1627 bic
1085 1561 1212 1629 similia
1232 1559 1375 1627 Horatii

215 1675 411 1765 'mendacia
444 1672 572 1762 (Carni.
591 1674 651 1740 ⁴II.
688 1677 739 1739 19.
775 1674 834 1743 111.
860 1671 904 1760 4.)
930 1697 967 1743 ac
989 1674 1163 1741 simulatas
1185 1671 1307 1738 itidem
1325 1671 1377 1741 ab

237 1789 349 1855 Numa
365 1809 443 1852 cum
464 1788 624 1876 Nympha
643 1787 763 1876 Egeria
781 1785 1068 1855 confabulationes
1091 1795 1272 1850 nocturnas
1292 1807 1376 1849 con·

238 1899 317 1966 fert.
359 1900 464 1966 Mihi
500 1901 662 1989 cogitanti
695 1901 845 1988 simplex
880 1911 914 1967 et
939 1898 1208 1988 superstitiosum
1235 1896 1376 1971 Hesiodi

167 2050 171 2055 -
237 2013 431 2101 ingenium,
454 2014 543 2100 quod
560 2014 598 2083 in
613 2012 771 2085 omuibus
791 2013 861 2081 eius
878 2011 1086 2081 carminibus
1102 2021 1249 2100 apparet,
1263 2009 1375 2097 magis

239 2129 344 2197 altera
373 2127 539 2195 sententia
569 2126 710 2206 arridet,
744 2137 785 2191 ut
801 2125 975 2193 Hesiodus
1005 2126 1078 2202 vel,
1098 2124 1188 2210 quod
1206 2122 1375 2193 Veterum

237 2240 399 2307 nonnulli
422 2241 658 2319 crediderunt,
685 2262 746 2327 per
769 2261 937 2305 ¹somnum
967 2259 1005 2303 ea
1034 2237 1174 2315 viderit,
1204 2259 1289 2324 quae
1314 2236 1375 2302 hic

237 2354 407 2433 narravit,
440 2354 494 2420 vel
521 2363 609 2423 certe
642 2351 791 2438 aliquam
825 2350 1053 2417 enthusiasmo
1078 2349 1224 2438 percitae
1246 2349 1375 2417 mentis

238 2467 422 2555 imaginem
440 2477 569 2533 secutus
588 2465 790 2553 arripuerit,
815 2475 913 2552 atque
932 2464 1014 2529 hinc
1034 2464 1217 2531 ornaverit.
1252 2463 1374 2533 Homi-

237 2579 290 2644 nis
310 2590 432 2644 natura
452 2579 493 2643 ad
511 2578 627 2665 poesin
645 2574 738 2655 facti,
758 2578 856 2642 iuxta
873 2600 972 2665 pecus
985 2576 1181 2643 excubantis
1197 2576 1258 2645 sub
1273 2599 1375 2645 mon·
1434 2592 1441 2606 ·

238 2705 289 2770 te,
312 2694 350 2756 in
377 2714 444 2778 quo
461 2691 578 2778 degere
604 2688 716 2755 Musae
739 2689 969 2769 credebantur,
991 2689 1100 2755 menti
1120 2690 1282 2755 continuo
1306 2690 1373 2755 ob-

180 2804 182 2809 ’
237 2803 362 2871 versari
392 2801 501 2873 Musas
520 2823 647 2867 necesse
666 2800 752 2881 fuit,
778 2802 826 2867 ita
853 2813 987 2871 utnon
1011 2802 1224 2869 obdormiens
1246 2803 1370 2882 modo,

236 2917 409 2991 sedetiam
429 2916 583 3004 vigilans,
604 2926 752 2987 attamen
774 2915 821 2981 sio
840 2913 947 2983 ferme
965 2915 1089 2995 affecta,
1108 2928 1147 2982 ut
1162 2916 1200 2981 in
1216 2903 1370 2997 somniis,

237 3042 367 3113 inmte,
393 3029 566 3097 Musarum
589 3029 629 3095 ad
651 3052 684 3095 se
703 3029 905 3108 adventum,
925 3030 1010 3117 quin
1030 3040 1062 3095 et
1082 3048 1204 3097 vocem·
1221 3030 1373 3117 aliquam

141 3151 145 3157 ’
237 3143 503 3211 animadvertere
529 3143 592 3209 sibi
623 3142 764 3213 subinde
786 3142 968 3211 videretur.
1014 3142 1079 3209 Nec
1102 3143 1252 3222 mirum,
1278 3141 1373 3211 siin

236 3257 310 3322 loco
331 3255 438 3320 lauris
456 3255 665 3335 abundante,
693 3278 840 3343 quarum
862 3255 1022 3322 arborum
1046 3252 1140 3333 foliis
1162 3253 1372 3321 manducatis

237 3367 337 3435 ardor
357 3367 507 3455 poeticus
529 3367 664 3432 incendi
688 3367 900 3451 credebatur,
925 3366 1079 3445 aMusis‚
1101 3368 1272 3435 somnians
1294 3366 1372 3455 qui·

237 3479 334 3558 dem,
357 3479 515 3566 accepisse
535 3476 600 3543 sibi
619 3479 709 3545 visus
730 3480 775 3543 sit
797 3501 933 3547 ramum
950 3480 1059 3558 lauri,
1082 3481 1178 3549 ouius
1198 3478 1283 3547 folia
1305 3479 1371 3545 de·

237 3594 403 3681 serperet,
448 3602 560 3680 postea
602 3602 735 3669 aulem,
767 3591 806 3655 in
836 3594 1026 3681 propinquo
1063 3592 1154 3659 forte
1190 3594 1372 3658 inventum

239 3708 343 3773 talem
362 3727 498 3775 ramum
520 3726 583 3793 pro
603 3702 776 3769 Musarum
796 3704 884 3769 dono
904 3704 1076 3787 habuerit,
1098 3718 1196 3794 atque
1217 3705 1300 3789 binc
1317 3727 1372 3793 ge·

238 3820 387 3886 staverit,
434 3818 485 3884 Ita
504 3839 610 3905 neque
634 3839 717 3906 opus
749 3814 855 3881 fuerit
877 3839 1050 3909 recurrere
1068 3818 1115 3884 ad.
1128 3817 1370 3905 suspicionem,

238 3934 415 4021 deceptum
430 3930 531 3999 fuisse
551 3932 697 3997 aliorum
717 3930 901 3996 hominum
915 3928 1032 3997 fraude
1047 3930 1373 4018 Hesiodum,quam·

239 4046 290 4111 vis
320 4043 529 4110 sacerdotum
559 4043 688 4131 aliquas
718 4042 783 4108 hoc
809 4065 927 4131 genere
946 4041 1081 4111 fraudes
1100 4044 1283 4130 antiquitas
1302 4065 1371 4109 me·

239 4169 350 4227 moret
368 4181 405 4224 ac
422 4179 503 4223 vero
520 4157 633 4228 simile
654 4156 734 4222 adeo
757 4156 812 4237 sit,
834 4155 1007 4223 Musarum
1027 4158 1065 4222 in
1088 4156 1247 4224 Helicone
1262 4179 1372 4225 sacer-

240 4271 333 4337 dotes
354 4270 495 4337 Hesiodo
513 4270 682 4359 principes
699 4269 740 4335 ad
761 4271 911 4337 studium
934 4250 1067 4360 poeseos
1089 4267 1202 4337 fuisse.
