2967 5209
468 503 499 549 m
523 502 647 549 uestem
671 500 884 550 resecanur.
1171 474 1243 549 185

157 697 189 739 v.
212 674 287 738 121.
312 653 497 760 ild'htpoc)
520 667 587 761 ἔρον
616 676 842 743 accusativum
863 676 985 764 passim
1009 688 1149 764 usurpat
1170 677 1242 742 Ho-

110 808 236 866 merus,
248 806 424 873 nunquam
438 772 800 874 nominativum’'Epoe,
820 811 921 876 quem
935 786 973 852 in
987 788 1120 854 Hesiodi
1131 789 1243 854 Theo-

107 899 211 988 gonia
224 910 353 964 exstare
367 921 499 965 versum
519 899 612 964 hunc
627 901 809 989 respiciens
820 899 937 965 scribit
951 900 1105 966 Eustath.
1116 924 1150 990 p.
1166 904 1241 968 136.

109 1012 156 1079 34
172 1033 259 1098 seqq.
280 1012 378 1079 1843.
408 1015 463 1078 60.
511 1013 688 1101 Perpetem
707 1026 821 1079 autem
840 1013 1023 1102 posteriore
1047 1015 1120 1079 loco
1141 1000 1243 1087 semel

108 1126 150 1190 in
172 1124 365 1212 Theogonis
382 1137 512 1190 exstare
529 1110 629 1205 dicit,
643 1126 769 1191 oblitus
788 1148 945 1192 versuum
957 1122 1032 1192 201.
1053 1127 1132 1192 910.
1153 1127 1244 1192 Tum

109 1236 238 1316 forma,
267 1260 367 1324 quam
390 1219 560 1305 Aeolicam
583 1240 677 1318 dicit,
695 1240 808 1327 potius
828 1239 964 1305 dicenda
989 1252 1060 1304 erat
1080 1240 1241 1327 antiqua,

110 1350 247 1415 tametsi
267 1351 442 1416 retinuisse
461 1373 533 1415 eam
555 1350 728 1416 Aeolenses
749 1352 844 1416 docet
870 1352 962 1416 locus
982 1349 1137 1440 Sapphfis
1155 1351 1243 1439 apud

111 1462 390 1552 Hephaestionem
415 1462 452 1530 C.
476 1463 551 1529 VII.
573 1486 608 1550 p.
632 1463 684 1526 42.
706 1462 812 1529 Gaisf.
833 1453 899 1551 ἔρος
923 1451 954 1529 d'
976 1449 1059 1529 adas
1082 1457 1121 1548 μ’
1144 1455 1160 1528 o‘
1182 1466 1242 1529 λυ·

16 1660 17 1663 ¹
113 1566 249 1661 σιμελῆς
274 1562 374 1657 δονεῖ,
396 1576 456 1641 ubi
478 1587 628 1641 metrum
651 1570 725 1664 iprae
748 1576 956 1640 admittebat.

160 1688 337 1755 Plutarcho
362 1690 400 1755 in
425 1689 577 1755 Amator.
605 1711 648 1778 p.
669 1691 747 1753 756.
778 1688 817 1754 Ε.
841 1689 879 1754 F.
904 1689 993 1755 visus
1018 1701 1067 1754 est
1084 1689 1244 1754 Hesiodus

106 1788 234 1891 ”Epora
270 1788 402 1867 πάντων
437 1790 621 1890 πρώτιστον
651 1803 790 1885 rectius,
835 1802 962 1889 quippe
997 1790 1243 1890 φυσικώτερον,

112 1917 250 1983 finxisse
265 1916 479 1995 Parmenide,
500 1916 560 2003 qui
575 1898 703 2001 ”Epora
729 1904 794 1978 τῶν
815 1902 1014 2000 Ἀφροδίτης
1039 1908 1139 2003 ἔργων
1164 1932 1245 2002 rpe-

110 2019 287 2114 σβῦσασον
308 2029 453 2094 dixerat.
483 2022 596 2117 (Conf.
617 2028 755 2095 Aristot.
776 2027 926 2116 Metaph.
952 2027 981 2092 1.
1007 2031 1051 2111 4.)
1084 2029 1245 2117 Respexit

112 2142 194 2206 haec
219 2140 375 2206 Hesiodea
397 2139 597 2205 Plutarchus
621 2139 725 2204 etiam
745 2139 783 2204 in
804 2138 894 2232 libro
919 2139 959 2203 de
981 2139 1078 2204 Facie
1099 2140 1137 2205 in
1165 2140 1245 2205 orbe

113 2254 230 2318 Lunae
258 2276 293 2341 p.
322 2253 397 2318 926.
433 2254 472 2318 E.
494 2252 532 2319 F.
556 2251 632 2317 927.
653 2249 693 2316 A.
741 2250 864 2315 Parum
885 2261 1034 2315 accurate
1061 2250 1174 2318 Schol.
1203 2253 1243 2317 ad

112 2365 275 2455 Aponon
300 2365 410 2431 unos.
435 2364 495 2428 111.
517 2364 570 2431 as.
588 2347 723 2449 Ἴβυκος
744 2356 801 2429 καὶ
823 2351 973 2435 Ἡσίοδος
995 2352 1033 2428 ὲκ
1057 2354 1166 2435 Χάους
1189 2357 1245 2428 as-

110 2497 168 2570 ’γει
190 2470 246 2544 σὺν
260 2462 401 2565 Ἔρωτα.
448 2477 583 2566 Ibycus,
607 2490 710 2566 puto,
735 2478 856 2547 diserte
879 2478 925 2542 sic
944 2478 1137 2543 tradiderat.
1176 2478 1245 2543 He-

113 2594 248 2659 siodum
279 2593 402 2658 rectius
424 2593 514 2682 cepit
537 2593 630 2658 Plato
656 2595 681 2660 1.
703 2617 731 2660 c.
761 2616 796 2682 p.
822 2596 897 2659 178.
923 2594 961 2659 Β.
997 2617 1097 2680 quem
1129 2592 1245 2660 confer

99 2692 219 2774 ‘etiam
243 2731 277 2796 p.
305 2711 379 2774 195.
399 2708 437 2772 Β.
462 2707 500 2774 C.
525 2706 682 2793 Quidam,
705 2706 821 2773 Servio
834 2720 916 2773 teste
932 2708 974 2773 ad
993 2712 1075 2775 Aen.
1098 2708 1124 2776 I.
1149 2708 1243 2787 664„

113 2822 275 2888 Amorem
293 2818 380 2887 Chai
401 2831 434 2885 et
455 2820 585 2907 primae
601 2843 717 2885 rerum
741 2819 885 2885 Naturae
904 2820 1019 2884 filium
1043 2842 1108 2885 esse
1129 2822 1245 2886 volue-

111 2948 216 3015 runt,
243 2936 307 3013 ita,
339 2946 378 2999 ut
401 2935 552 3013 videtur,
584 2934 685 2998 etiam
715 2934 892 3022 coniugem
926 2933 1019 3000 Chao
1045 2934 1242 3022 largientes,

111 3072 234 3138 parum
266 3070 284 3113 e
309 3059 422 3114 mente
455 3046 609 3126 Hesiodi,
639 3048 698 3134 qui
724 3049 822 3112 nulla
841 3069 906 3112 esse
928 3046 1071 3112 credidit
1091 3046 1245 3134 coniugia

112 3173 192 3227 ante
215 3161 373 3226 Amorem
395 3171 527 3225 natum.

160 3413 196 3454 v.
224 3390 298 3455 121.
327 3390 401 3455 122.
424 3377 613 3472 normate
636 3378 768 3451 σάντων
789 3402 827 3449 σε
851 3371 944 3468 θεῶν,
966 3374 1099 3452 πάντων
1122 3379 1157 3451 τ’
1182 3374 1269 3452 air-⁵

114 3490 242 3591 θρῶσων
266 3488 446 3586 Adfirmat
470 3487 503 3566 ἓν
527 3488 684 3580 στήθεσσι
709 3519 739 3589 σς.
762 3518 794 3565 τ.
813 3500 846 3560 λ.
871 3499 1029 3567 Contulit
1043 3501 1112 3566 iam
1133 3500 1245 3567 Muct-

16 3672 17 3681 ,
114 3616 232 3681 zellius
250 3639 285 3704 p.
311 3617 403 3693 403„
437 3627 512 3678 tum
533 3611 688 3702 Sapphtis
709 3634 844 3677 versum
864 3613 965 3677 modo
985 3613 1143 3692 citatum,
1169 3624 1245 3677 tum

115 3728 314 3795 Archilochi
337 3727 425 3816 apud
454 3726 732 3816 Hephaestionem
758 3748 792 3813 p.
816 3728 872 3791 90.
900 3724 1007 3791 Gaisf.
1041 3714 1137 3790 ἄλλά
1160 3721 1198 3808 μ’
1229 3717 1245 3788 ὁ

114 3833 319 3926 λυσιμελὴς,
345 3823 481 3926 larana,
512 3826 684 3925 δάμναται
707 3826 822 3919 attor,
852 3838 890 3902 in
920 3837 1041 3925 quibus
1066 3835 1245 3902 manifesta

115 3967 163 4020 est
184 3955 425 4020 Hesiodecrum
448 3953 607 4018 imitatio.

160 4069 212 4134 Ad
234 4057 413 4153 λυσιμελής
436 4066 493 4133 Gl.
517 4067 588 4132 Par.
616 4067 653 4134 C.
680 4057 696 4130 ὁ
718 4059 802 4129 λύων
827 4054 873 4129 τὰ
893 4052 978 4147 μέλη
999 4050 1055 4129 διὰ
1076 4054 1140 4134 rica
1161 4052 1244 4129 ἄνα-

16 4212 17 4219 ¹
118 4177 254 4250 παύσεις
279 4182 440 4269 (Pertinet
461 4180 525 4245 hoc
554 4181 595 4245 ad
617 4178 734 4245 Somni
756 4177 931 4266 epitheton
950 4177 1038 4264 apud
1058 4177 1156 4242 Hom.
1180 4175 1244 4244 Od.

16 4340 17 4399 ἐ
119 4295 157 4357 Υ.
184 4298 239 4360 57.
262 4294 304 4358 Ψ.
337 4294 428 4377 313.)
460 4282 479 4374 ll
505 4285 622 4357 ὁλὺων
647 4282 710 4361 aas
735 4282 904 4377 μεριμνάς.
930 4289 985 4354 Gl.
1009 4290 1080 4355 Par.
1106 4289 1147 4355 G.
1174 4282 1242 4378 οὐχ
