2967 5209
476 549 505 596 sn
532 550 656 599 ursroui
680 538 899 602 ruscconnn
1176 522 1250 601 289

122 718 191 806 ipsa
216 720 340 806 Lyctus
363 721 435 786 loco
461 721 550 786 edito
576 723 647 815 sita.
672 721 751 790 Vid.
777 722 892 810 steph.
916 722 994 810 Byz.
1018 724 1055 788 iu
1077 747 1108 789 v.
1157 723 1244 790 Cum

121 829 238 917 Aegaei
271 832 397 895 montis
430 833 654 919 appellatione
685 832 907 922 probabiliter
936 832 1047 900 Schol.
1085 836 1125 900 ad
1156 836 1193 900 h.
1220 837 1246 900 l.

14 1022 15 1027 ἵ
118 965 305 1009 connexam
333 944 506 1010 existimat
535 945 686 1011 fabulam
717 948 759 1012 de
779 947 857 1012 Iove
877 946 1009 1011 nutrito
1029 947 1113 1011 lacte
1136 938 1245 1036 stipis,
1290 951 1294 963 '

14 1126 16 1157 g
117 1042 245 1144 caprae.
291 1057 530 1122 Posterioribus
549 1058 655 1146 magis
670 1071 880 1124 memoratur
898 1058 1074 1124 Dictaeum
1091 1071 1240 1124 antrum.

117 1169 196 1236 Vid.
220 1168 358 1237 callim.
384 1171 425 1236 Η.
450 1171 486 1235 in
511 1172 581 1238 Iov.
600 1174 632 1239 4.
652 1173 809 1261 Apollod.
833 1172 859 1238 l.
884 1174 914 1238 1.
933 1175 964 1236 6.
982 1171 1104 1259 Virgil.
1127 1171 1185 1240 IV.
1201 1172 1242 1239 G.

120 1287 195 1350 152.
234 1283 304 1372 ¹Sed
323 1307 384 1350 nec
402 1285 496 1351 Dicte
512 1308 609 1351 mons
626 1288 725 1376 longe
746 1287 787 1352 ab
803 1288 910 1375 Lycto
924 1286 1037 1351 aberat
1055 1298 1088 1350 et
1108 1285 1245 1353 fortasse

117 1397 206 1462 idem
230 1395 300 1463 fuit
321 1420 417 1462 mons
441 1398 595 1465 Dictaeus
617 1411 713 1487 atque
734 1401 887 1489 Aegaeus.

162 1623 304 1689 Versum
322 1624 386 1690 479
401 1636 435 1690 et
453 1636 656 1712 sequentem,
675 1625 802 1714 Heynii
822 1648 929 1704 suasu,
954 1625 1086 1691 uncinis
1104 1625 1244 1690 inclusit

117 1733 283 1813 wolfius,
315 1738 483 1829 sequentia
517 1725 593 1803 ἔνθα·
616 1730 677 1822 μὲν
704 1740 846 1825 glossam
867 1738 997 1803 abunde
1019 1761 1156 1827 arguere
1177 1749 1242 1801 sta·

118 1860 223 1913 tuens.
277 1847 387 1914 Secuti
419 1851 523 1915 illum
547 1849 654 1917 Gaisf.
690 1863 723 1916 et
745 1850 846 1918 Dind.
875 1850 1028 1939 Guyetus
1051 1872 1243 1938 expungere

115 1962 240 2026 maluit
260 1986 293 2027 v.
316 1962 376 2027 481
400 1975 433 2028 et
450 1962 714 2050 duosequentes.
748 1965 849 2030 Notat
867 1964 1077 2030 Muetzellius
1098 1987 1132 2052 p.
1152 1965 1241 2041 481„

114 2074 228 2159 quaeri
260 2097 352 2161 posse
373 2075 454 2138 huic
475 2075 631 2161 opinioni
655 2076 862 2163 praesidium
881 2099 925 2141 ex
944 2099 1000 2154 eo,
1019 2075 1107 2164 quod
1129 2074 1241 2141 Schol.

115 2187 155 2252 ad
167 2186 260 2251 Arat.
274 2210 304 2251 v.
318 2190 371 2252 33.
383 2187 617 2252 tantummodo
630 2188 725 2266 dicit,
736 2188 867 2253 tradere
874 2178 1066 2267 Hesiodum,
1079 2181 1243 2274 τραφῆναι

115 2291 170 2365 τὸν
193 2291 260 2364 Δίὰ
283 2286 315 2364 ἓν
338 2285 470 2388 Αἰγαίῳ
499 2291 571 2386 d'pee.
624 2299 736 2387 Neque
768 2311 882 2366 tamen
906 2301 1118 2366 Muetzellius
1139 2300 1243 2364 adfir-

114 2435 207 2477 mare
225 2412 409 2500 quidquam
428 2412 505 2478 vult
523 2411 562 2477 in
572 2433 609 2476 re
623 2412 790 2500 ambigua.
816 2411 1042 2500 Goettlingius
1056 2413 1094 2478 in
1108 2435 1162 2500 pr.
1179 2414 1240 2481 Ed.

115 2548 230 2593 versus
253 2528 317 2592 479
339 2548 402 2613 seq.
433 2526 518 2591 alius
540 2548 605 2591 esse
635 2526 754 2591 statuit
776 2525 976 2590 recensionis
1003 2548 1066 2613 pro
1080 2525 1243 2592 ‘versibus

117 2642 177 2707 481
200 2663 264 2727 seq.
319 2639 481 2705 Dissentit
500 2639 712 2707 Hermennus
736 2639 775 2705 in
798 2639 894 2706 Cens.
920 2637 1066 2718 Goettl.‚
1088 2640 1178 2726 quod
1197 2640 1244 2704 sic

115 2775 148 2818 v.
177 2753 251 2818 481.
276 2742 349 2818 ludu
371 2747 431 2837 plu
450 2737 524 2817 ἷκτο
546 2744 696 2840 φέρουσα
717 2752 829 2818 verbis
852 2740 1169 2836 ὅποτ’-ἤμελλε
1191 2775 1242 2816 re·

115 2877 322 2953 pugnarent,
347 2887 426 2929 cum
457 2865 571 2952 priora
597 2864 688 2930 baud
713 2863 815 2929 dubie
840 2865 983 2929 donato
1014 2865 1083 2928 iam
1111 2863 1243 2930 infante
1313 2900 1317 2911 ·

114 2977 334 3065 intelligenda
362 2977 440 3042 sint.
496 2977 611 3042 Potius
642 2988 752 3044 censet
781 2978 923 3043 alteram
952 2977 1176 3041 recensionem
1202 2978 1242 3042 ad

115 3113 248 3158 versum
274 3114 376 3178 usque
407 3092 472 3175 480
494 3112 719 3179 progressam,
747 3090 888 3154 alteram
911 3088 1023 3155 versui
1051 3089 1113 3153 477
1135 3089 1243 3154 conti·

114 3227 184 3270 nuo
209 3225 343 3269 versum
367 3206 427 3269 481
450 3203 633 3269 subiecisse.
682 3201 811 3281 Movit,
836 3212 876 3265 ut
895 3201 1046 3280 videtur,
1069 3200 1103 3266 id
1124 3199 1243 3267 Goett-
1295 3192 1301 3212 ’

114 3317 282 3405 lingium,
299 3328 352 3381 ut
383 3317 421 3382 in
450 3317 512 3384 Ed.
534 3318 593 3383 alt.
616 3316 734 3381 durius
756 3315 922 3380 etiamne
944 3315 1017 3379 loco
1042 3315 1244 3403 pronuncia-

114 3441 178 3508 ret,
202 3451 314 3496 versus
338 3431 511 3499 478-484
530 3429 641 3494 dicens
664 3451 697 3494 se
715 3428 838 3494 hebere
854 3450 917 3516 pro
937 3428 1071 3493 insertis
1095 3451 1245 3494 arecen·

115 3543 203 3608 tiore
233 3543 377 3628 quodam
407 3542 588 3630 rhapsodo‚
621 3563 664 3606 ne
692 3539 809 3609 Cretae
833 3540 960 3606 oblitus
983 3563 1049 3607 esse
1073 3541 1245 3606 videretur

116 3653 288 3719 Hesiodus.
335 3652 498 3738 Equidem
528 3652 654 3741 Guyeti
675 3653 842 3718 rationem
867 3653 1061 3742 Heynienae
1080 3665 1246 3742 praestare
1345 3722 1348 3725 x

117 3764 217 3831 facile
247 3765 413 3830 adsentior
443 3765 636 3832 Muetzellic
663 3790 697 3854 p.
722 3769 802 3846 1013
836 3778 876 3831 ut
899 3767 983 3832 item
1005 3767 1166 3831 statuenti
1189 3768 1245 3832 illi

118 3899 252 3945 versum
275 3879 349 3945 -483
372 3879 492 3943 saltem
519 3878 665 3966 potuisse
692 3881 830 3944 servari.
877 3877 939 3944 Sed
961 3891 1075 3943 tamen
1095 3878 1247 3945 animad-

119 3991 208 4056 verti
230 3992 347 4070 velim,
366 4013 463 4059 versu
485 3994 561 4058 485.
585 3980 633 4078 τῷ
669 3979 705 4058 tt
732 3981 999 4079 σπαργανίσασα
1025 3983 1136 4079 μέγαν
1160 3979 1247 4058 λίθον

118 4090 322 4192 ἐγγυάλιξεν
351 4105 473 4171 rectius
497 4104 673 4192 procedere
700 4117 775 4194 post
803 4104 1051 4194 praecedentem
1078 4105 1119 4170 de
1153 4105 1246 4171 Rhea

117 4216 328 4283 mentionem
357 4217 404 4305 (v.
439 4214 529 4306 482.)
562 4203 685 4306 κρύψεν
707 4207 781 4284 8έὲ
805 4209 895 4308 χειρὶ
913 4206 1092 4302 λαβοῦσα,
1125 4241 1245 4304 quam,

118 4329 174 4394 his
200 4331 352 4409 remotis,
377 4344 451 4420 post
475 4332 536 4398 illa
559 4322 616 4399 τὸν
638 4323 699 4417 μέν
722 4323 752 4395 οἱ
771 4318 908 4411 ἐδέξατο
930 4323 1014 4394 Γαΐα
1031 4318 1167 4419 otleipi.
1207 4332 1245 4394 ln

1059 4443 1105 4515 19
