2967 5209
511 551 543 596 ru
567 549 690 598 uusronr
714 550 928 598 ruuooouuu.
1206 516 1278 596 389

157 717 305 783 diversae
326 718 519 783 exstiterint
539 728 707 806 personae,
732 731 771 785 ut
793 718 1022 807 Hyperionem
1038 720 1207 787 diversum
1227 721 1281 785 vi·

157 829 272 894 demus
292 826 421 893 factum
443 844 462 893 a'
484 828 560 897 Sole
585 831 698 922 (supra
719 855 753 898 v.
777 835 854 899 371.
879 828 983 919 374),
1008 855 1078 896 non
1099 843 1167 912 est,
1190 832 1278 920 quod

157 940 342 1019 miremur,
365 941 536 1007 diversum
558 943 661 1008 etiam
682 942 839 1035 habitum
861 965 926 1008 esse
948 966 966 1008 a
988 942 1064 1009 Sole
1086 944 1281 1025 Phaethon·

156 1065 242 1132 tem,
276 1076 341 1140 quo
371 1055 510 1120 nomine
531 1068 740 1121 memoratur
762 1057 846 1122 item
868 1055 1104 1122 celeberrimus
1125 1056 1212 1123 Solis
1237 1074 1289 1122 ern

157 1165 322 1254 Clymena
356 1165 448 1231 filius
479 1168 581 1232 etiam
612 1168 651 1231 in
681 1167 816 1234 Hesiodi
839 1166 1028 1264 fragmento
1051 1170 1139 1257 apud
1168 1167 1279 1235 Schol'.

156 1276 309 1343 Ambros.
334 1279 375 1343 ad
398 1277 461 1345 Od.
485 1278 526 1345 A.
551 1281 626 1346 325.
672 1279 830 1359 Altero,
854 1302 932 1344 oum
954 1281 1042 1345 alius
1063 1281 1206 1368 mythus
1222 1302 1280 1345 na·

156 1400 233 1454 tum
254 1413 298 1455 ex
319 1389 448 1455 Aurora
470 1391 715 1456 Phaethontem
738 1391 852 1471 ferret,
866 1376 958 1456 alius¹
967 1404 1116 1457 amatum
1129 1403 1283 1479 raptum·

156 1525 220 1591 que
239 1501 280 1567 ab
300 1502 429 1573 Aurora
448 1501 648 1591 Cephalum,
672 1502 785 1591 potuit
802 1504 848 1568 sic
860 1504 1037 1582 Hesiodus,
1053 1505 1123 1571 sive
1139 1498 1282 1592 primus,

156 1638 213 1680 seu
242 1627 316 1703 post
340 1598 440 1694 alios,
474 1615 719 1680 Phaithontem
750 1615 899 1681 Aurorae
925 1615 1040 1682 filium
1070 1639 1113 1683 ex
1134 1615 1283 1704 Cephalo

156 1726 273 1796 faeere.
325 1727 569 1793 Phaethontem
604 1750 727 1814 equum
750 1749 829 1810 cum
855 1729 961 1793 altero
984 1729 1113 1817 Lampo
1135 1729 1285 1795 Aurorae
1341 1770 1342 1773 =

156 1841 273 1906 currui
292 1840 404 1928 iungit
426 1840 591 1904 Homerus
615 1840 679 1906 Od.
701 1840 745 1905 Ψ.
770 1841 841 1913 245,
857 1863 943 1926 seqq.
968 1840 1068 1928 Apud
1095 1840 1286 1907 Eratosthe-

156 1975 236 2018 nem
255 1963 367 2021 autem
390 1974 419 2016 c.
441 1952 494 2016 43.
541 1951 717 2016 Pha'ethon
739 1951 846 2015 dictus
870 1949 981 2016 fertur
997 1975 1085 2016 unus
1105 1954 1146 2018 de
1170 1953 1285 2040 plane·

156 2066 217 2144 tis,
241 2077 281 2129 ut
301 2065 390 2152 apud
406 2064 530 2151 Hygin.
553 2065 588 2131 P.
610 2065 650 2131 A.
666 2065 709 2130 ΙΙ.
737 2065 791 2132 42.
812 2063 954 2151 Cephali
976 2076 1009 2129 et
1028 2065 1178 2130 Aurorae
1196 2065 1287 2129 filius

156 2177 248 2241 idem
276 2188 323 2242 est
356 2178 530 2267 Hesperus.
583 2176 628 2242 At
657 2176 816 2241 Hesiodus
848 2175 985 2261 quidem
1010 2198 1066 2242 vv.
1097 2179 1284 2243 ees-991.
1385 2244 1389 2255 ,

157 2290 259 2354 talem
290 2289 355 2355 sibi
388 2290 634 2355 Phaethontem
666 2311 736 2352 non
769 2284 988 2365 informavit,
1021 2288 1076 2352 sed
1100 2285 1287 2357 formosum

156 2403 315 2467 iuvenem
347 2426 364 2467 a
394 2404 523 2470 Venere
560 2413 714 2490 raptum,
747 2399 879 2488 ipsique
917 2402 1125 2488 templorum
1158 2399 1287 2468 factum

156 2509 298 2580 σύννοιαν.
344 2516 501 2584 Contulit
523 2516 593 2580 iam
624 2514 776 2601 Heynius
799 2513 839 2578 ad
869 2514 1026 2601 Apollod.
1050 2514 1111 2580 Ill.
1140 2515 1229 2583 XIV.
1253 2520 1285 2583 3.

155 2630 245 2693 locos
266 2626 405 2693 Homeri
427 2628 468 2693 Il.
493 2628 530 2693 B.
557 2629 634 2693 547.
655 2626 794 2691 Pindari
815 2626 917 2713 Pyth.
943 2626 986 2691 Il.
1012 2629 1078 2705 31,
1107 2628 1290 2714 inquibus

12 2756 23 2769 “
156 2739 269 2803 simile
298 2739 379 2823 quid
402 2740 442 2804 de
464 2739 652 2831 Erechtheo
675 2749 708 2802 et
731 2736 862 2825 Cinyra
884 2736 1043 2803 refertur.
1069 2736 1169 2804 Conf.
1192 2739 1289 2806 etde

17 2910 23 2931 χ
71 2909 73 2913 .
158 2850 279 2916 Virbio
300 2851 425 2939 Virgil.
446 2850 530 2919 Aen.
551 2851 627 2919 Vll.
652 2853 718 2915 733
740 2872 829 2936 seqq.
874 2849 1031 2915 Traditae
1046 2862 1160 2916 autem
1178 2853 1235 2918 hio
1248 2855 1290 2919 de

158 2964 366 3030 Phaethonte
398 2963 532 3030 fabulae
561 2964 726 3052 Cypriam
760 2962 927 3050 originem
945 2963 1098 3029 ‘indicare
1118 2966 1211 3031 mihi
1233 2968 1289 3034 vi-

10 3068 15 3083 '
72 3098 86 3125 ·
142 3078 282 3142 -aensur
305 3077 461 3166 Apollod.
485 3079 518 3143 a.
543 3079 567 3143 l.
591 3078 723 3143 Phileas
744 3077 831 3164 apua
855 3077 972 3162 Etym.
1000 3076 1047 3144 M.
1073 3101 1106 3144 v.
1130 3066 1235 3148 ’adn
1257 3090 1291 3144 et

161 3188 272 3255 Schol.
296 3191 337 3255 ad
355 3191 390 3255 h.
414 3193 457 3268 1.,
485 3191 638 3275 quamvis
665 3189 777 3254 Plinio
801 3189 955 3259 XXXVI.
980 3190 1010 3254 4.
1033 3189 1052 3276 §
1077 3192 1108 3256 7.
1135 3191 1309 3267 dicantur

160 3301 262 3368 etiam
282 3302 541 3385 Samothracum
562 3303 725 3401 religione
740 3301 849 3366 iuncti
861 3301 962 3366 fuisse
968 3302 1092 3383 Venus,
1104 3303 1288 3385 Phaethon,

161 3414 291 3482 Pothos.
948 3412 953 3422 ⁵

206 3527 347 3618 Scripsit
369 3532 543 3598 Pausanias
565 3532 591 3598 I.
618 3531 677 3598 111.
709 3535 739 3598 1.
761 3507 935 3617 Κέφνιλνν,
966 3522 999 3596 ὃν
1023 3519 1212 3597 κάλλιστον’
1228 3549 1290 3621 γε·

162 3631 286 3726 νόμενόν
315 3639 420 3728 φασιν
453 3638 516 3710 ὑπὸ
543 3638 685 3733 Ἡμέρας
708 3633 916 3732 ἁρπασθῆναι
937 3636 1000 3711 καὶ
1020 3636 1052 3708 οἱ
1072 3631 1179 3709 naida
1196 3639 1290 3733 γενέ·

163 3742 238 3820 σθαι
258 3744 440 3840 Φαέθοντα,
465 3751 521 3824 aa>
545 3753 686 3843 φύλακον
708 3746 842 3837 ἐποίησε
864 3755 924 3821 τοῦ
943 3754 1030 3822 ναοῦ.
1078 3753 1200 3822 Ταῦτα
1225 3747 1289 3821 bil·

162 3870 213 3932 λοι
236 3885 275 3932 τε
294 3861 352 3933 καὶ
374 3859 522 3942 Ἠσίοδος
548 3858 664 3959 εἴρηκεν
685 3859 718 3936 ἓν
744 3865 855 3937 ’ἔντεσιν
876 3863 944 3960 τοῖς
966 3860 1010 3942 εἰς
1033 3859 1097 3941 rite
1116 3865 1287 3960 γυναῖκας.
1366 3886 1374 3899 ‘

165 3978 278 4067 ltaque
295 3982 366 4048 illis
387 3983 464 4048 aliis
483 3983 623 4050 debetur
641 3983 769 4050 mentio
791 3973 936 4070 Ἡμέραις
957 4006 1020 4072 pro
1043 3970 1140 4055 ’Haec
1161 3997 1195 4049 et
1208 3986 1289 4073 pul·

164 4094 341 4163 eritudinis
363 4099 435 4165 laus
458 4098 607 4186 Cephalo
622 4098 775 4178 tributa3
805 4097 943 4163 fortasse
963 4098 1085 4178 etiam,
1111 4100 1201 4186 quod
1224 4093 1291 4183 φῖ·

164 4208 255 4269 leue
285 4210 342 4273 τοῦ
369 4210 444 4275 ruozi
467 4211 532 4276 sibi
558 4209 670 4276 fecisse
690 4211 817 4293 dicitur
839 4203 967 4298 Ἡμέρα
988 4211 1196 4299 Cephalum,
1221 4234 1292 4276 non

165 4320 276 4385 Venus
296 4323 559 4404 Phaethontem,
582 4325 646 4390 nisi
663 4323 801 4401 dixeris,
821 4326 875 4389 vel
891 4324 1049 4391 librarios
1071 4324 1121 4390 ibi
1135 4324 1290 4402 turbasse,
