2967 5209
244 450 315 525 3⁰2
667 477 923 526 sommum

241 659 297 712 tus
313 647 445 735 Iapetus
467 657 500 712 et
520 667 691 713 connexae
705 666 789 713 cunr
806 648 913 736 ipsius
934 618 1058 736 mytho
1080 647 1289 728 traditiones,
1314 672 1377 717 ve-

241 756 432 825 tustissimis
452 757 582 825 Asianis
610 759 755 838 similes,
777 761 820 827 de
841 760 929 825 fictis
950 781 969 824 e
990 761 1065 826 luto
1086 760 1306 840 hominibus,
1330 763 1378 827 de

240 872 386 937 muliere
411 872 581 937 malorum
603 869 716 951 fonte,
747 872 790 936 de
810 872 959 950 diluvio,
982 873 1071 960 quod
1091 871 1153 937 sub
1175 873 1375 940 Promethei

240 984 314 1049 filio
334 982 535 1050 Deucalione
556 980 673 1048 fuerit.
720 984 830 1073 Lapsu
852 995 965 1050 entem
988 985 1150 1073 temporis
1166 983 1308 1065 factum,
1328 998 1374 1051 ut

238 1096 345 1186 magis
373 1097 544 1184 magisque
576 1094 741 1162 Graecum
763 1096 920 1162 habitum
940 1097 1121 1164 induerent
1147 1097 1211 1163 hae
1232 1096 1370 1165 fabulae

239 1221 287 1289 et,
320 1220 396 1275 tum
428 1207 551 1274 Graeca
582 1209 770 1297 acciperent
799 1232 1018 1298 personarum
1050 1211 1208 1290 nomina,
1235 1222 1314 1276 turn
1335 1224 1368 1276 et

237 1345 372 1402 rerum,
397 1333 556 1410 tanquam
578 1322 617 1389 in
640 1321 778 1389 Graecia
799 1334 980 1410 gestarum,
1006 1344 1070 1410 pro
1096 1344 1175 1389 vera
1201 1322 1367 1389 substitu-

238 1450 309 1504 tam
338 1437 557 1505 mentionem.
611 1436 727 1525 Itaque
756 1436 891 1502 habitus
922 1437 984 1503 ille
1013 1436 1116 1525 prisci
1137 1437 1232 1502 filius
1259 1438 1367 1526 Iapeti

238 1550 347 1616 dictus
364 1560 414 1615 est
431 1548 647 1614 Prometheus
670 1561 704 1614 et
721 1560 859 1613 certasse
882 1548 1003 1613 astutia
1025 1570 1104 1612 oum
1123 1548 1201 1616 love
1219 1551 1365 1614 creditus

238 1662 407 1741 Meconem
431 1661 544 1749 prima
565 1662 692 1727 mulier
714 1662 863 1729 Pandora
887 1662 1012 1740 audiit,
1044 1684 1145 1749 eaque
1170 1674 1281 1727 mater
1304 1663 1366 1729 ha·

236 1775 308 1843 hita
326 1788 375 1841 est
395 1774 547 1862 Pyrrhae
567 1775 764 1841 Deucalioni
785 1786 927 1862 nuptae,
951 1774 1023 1862 qni,
1046 1775 1167 1840 servati
1187 1776 1364 1854 ediluvio,

236 1888 274 1955 in
289 1888 458 1955 Thessalia
476 1888 700 1976 regnaverint.
733 1886 796 1954 Sed
814 1889 916 1953 etiam
936 1888 1068 1976 mythis
1083 1888 1250 1954 veteribus
1268 1889 1365 1977 lapsu

236 2002 397 2090 temporis
415 2013 618 2069 accesserunt
637 2002 759 2066 multa.
784 1999 839 2068 Sic
858 2001 899 2066 de
915 2000 1049 2088 lqaila,
1065 2000 1258 2067 Promethei
1273 2001 1364 2067 iecur

160 2101 168 2115 ’
233 2115 442 2196 comedente,
475 2113 627 2182 fabulam
656 2115 812 2202 equidem
842 2113 1109 2203 antiquissimam
1139 2111 1241 2179 fuisse
1260 2126 1363 2202 puto,

234 2231 347 2295 multo
370 2241 483 2295 autem
505 2230 610 2295 serius
632 2205 796 2295 adiectam
817 2229 958 2295 alteram
979 2249 1079 2315 super
1100 2225 1277 2293 interfecta
1302 2226 1363 2292 illa

233 2342 275 2408 ab
301 2342 444 2409 Hercule
467 2343 596 2430 aquila,
620 2365 699 2408 cum
721 2340 929 2420 interseras,
954 2340 996 2406 ab
1012 2340 1277 2429 Amphitryonis
1290 2340 1363 2406 lilio

233 2457 367 2534 occisas,
399 2455 501 2521 etiam
531 2456 643 2542 aquila
675 2452 793 2520 fuisset
821 2466 856 2519 et
874 2455 961 2519 hauc
982 2455 1078 2542 vulgi
1102 2456 1158 2521 ¹vel
1185 2457 1363 2543 poetarum

232 2565 349 2632 fabula
380 2567 530 2655 aquilam
556 2567 775 2656 interpretata
794 2577 875 2632 esset
896 2567 1099 2633 Promethei.
1146 2565 1253 2646 Sane,
1275 2565 1363 2656 quod

214 2678 274 2745 'ab
297 2678 439 2747 Hesiodo
460 2679 589 2747 dicitur
612 2678 660 2768 (v.
683 2682 749 2746 529
769 2678 869 2767 seqq.)
895 2681 933 2745 in
954 2680 1106 2746 Herculis
1125 2680 1270 2768 gratiam
1289 2689 1364 2770 per·

231 2793 358 2860 misisse
381 2781 529 2881 Iupiter,
557 2804 599 2857 ut
619 2804 711 2882 peste
731 2794 794 2859 illa
816 2794 1033 2860 Prometheus
1055 2794 1276 2873 liberaretur,
1300 2794 1364 2860 hoo

231 2907 307 2973 aliis
328 2906 437 2972 dictus
459 2917 507 2972 est
529 2906 573 2972 ob
595 2906 730 2992 aliquod
754 2907 945 2972 Promethei
958 2905 997 2972 in
1012 2907 1220 2973 semeritum
1238 2905 1361 2973 fecisse.

230 3017 310 3088 Vid.
343 3018 510 3085 Lucienus
531 3019 571 3086 D.
597 3018 639 3085 D.
664 3017 691 3084 l.
719 3030 807 3083 extr.
837 3019 949 3105 Neque
966 3041 1044 3084 curn
1064 3019 1206 3085 Hesiodo
1225 3026 1363 3107 prorsus

229 3131 396 3199 consentit
418 3130 574 3220 Apollod.
598 3131 643 3196 ll.
667 3130 709 3198 V.
725 3132 778 3196 11.
801 3132 899 3217 512,
914 3132 976 3218 qui
993 3143 1124 3198 secutus
1140 3132 1361 3198 recentiorem

230 3243 367 3311 videtur
394 3243 611 3321 Heracleam,
649 3253 689 3307 ut
721 3242 950 3329 antiquiorem
983 3243 1153 3329 Hesiodus.
1211 3244 1361 3311 Liberati

230 3355 423 3423 Promethei
444 3357 588 3444 gloriam
611 3356 651 3423 ad
674 3356 785 3423 alium
807 3356 987 3423 Herculem
1008 3354 1198 3423 referebant
1223 3357 1360 3425 Caucasi

230 3471 374 3549 accolae,
398 3481 479 3537 teste
502 3471 705 3537 Philostrato
727 3470 770 3538 V.
795 3472 835 3538 A.
859 3471 903 3536 Il.
929 3474 961 3538 3.
985 3470 987 3472 ’

275 3718 309 3762 v.
329 3695 391 3765 521
413 3695 520 3763 citant
547 3697 665 3783 Etym.
695 3695 741 3761 M.
765 3718 798 3784 p.
820 3698 875 3763 71.
895 3697 950 3763 at.
974 3697 1080 3764 Draco
1100 3694 1281 3764 Stratonis.
1303 3699 1355 3762 12.

232 3811 263 3875 4.
284 3820 318 3875 et
341 3810 396 3876 61.
427 3812 459 3876 9.
492 3807 738 3877 Choerobosous
757 3809 849 3897 apud
872 3809 1009 3876 Bskker.
1033 3832 1070 3898 p.
1091 3811 1187 3876 1182.
1211 3810 1358 3876 Lascatis

231 3921 293 3990 Gr.
313 3920 375 3990 Gr.
397 3922 423 3990 l.
439 3922 499 3991 Ill.
515 3922 555 3988 Α.
571 3921 616 3988 11.
638 3918 666 3986 f.
682 3944 715 3987 v.
736 3921 800 3988 Ed.
820 3921 897 3989 ald.
936 3921 1084 4012 Respicit
1105 3922 1355 4002 huncversum,

230 4035 313 4103 item
337 4036 413 4104 528.
436 4048 471 4101 et
491 4033 583 4102 inire
602 4058 636 4101 v.
660 4034 726 4099 614
747 4057 836 4123 seqq.
859 4034 1042 4102 Scholiasta
1062 4038 1223 4124 Apollon.
1242 4036 1353 4103 Rhod.

232 4147 278 4217 11.
304 4151 401 4218 1249.

275 4268 389 4336 Indice
418 4267 610 4338 hluetzcllio
640 4289 674 4355 p.
707 4269 783 4334 tat.
816 4269 1042 4337 Buttmannus
1065 4266 1127 4335 Gr.
1157 4267 1217 4336 Gr.
1243 4267 1283 4337 Τ.
1309 4267 1352 4333 11.
