2967 5209
253 488 323 560 284
689 519 928 567 couusurssrvs

252 687 372 751 veteris
398 688 487 774 apud
518 689 657 753 Graecos
686 714 722 756 ac
754 693 949 780 praecipuae
974 694 1194 758 venerationis
1217 697 1373 759 numina.

253 788 382 878 Ἰττῖην,
403 799 547 879 Vestam,
570 802 718 889 primam
742 825 786 867 ex
811 794 921 870 Crono
941 804 1088 892 genitam
1106 805 1253 892 agnoscit
1271 807 1377 871 etiam
1455 844 1456 867 t

250 909 349 975 Hom.
367 910 407 975 H.
432 911 468 976 in
493 912 575 979 Van.
597 936 629 978 v.
650 915 701 980 22.
725 915 858 980 classico
878 915 919 979 de
939 916 1037 982 Vesta
1061 918 1143 995 loco,
1156 911 1227 981 'ubi
1247 918 1377 982 dicitur
1417 950 1419 957 >

249 1023 341 1087 hune
361 1022 402 1087 ab
421 1023 498 1088 Iove
518 1024 681 1090 honorem
702 1039 814 1107 nacta,
841 1038 880 1091 ut
901 1040 981 1092 esset
1003 1030 1040 1093 in
1059 1029 1216 1094 omnibus
1236 1031 1374 1118 templis

249 1123 421 1224 τιμάοχος
451 1148 484 1201 et
509 1139 596 1225 apud
618 1160 733 1217 omnes
759 1141 916 1205 mortales
940 1128 1011 1205 θεῶν
1033 1131 1213 1229 πρέσβειρα
1234 1143 1375 1219 habere-

248 1260 316 1314 tur.
363 1248 545 1337 Olympiae
577 1252 714 1338 quidem
743 1255 896 1341 primurn
918 1255 955 1318 in
977 1255 1146 1320 sacrifieiis
1169 1258 1283 1321 lorum
1312 1259 1375 1321 tri-

248 1361 394 1427 buebant
417 1364 552 1443 Vestae,
576 1376 657 1430 teste
677 1365 836 1436 Pausania
861 1367 902 1433 V.
927 1368 980 1429 14.
1022 1367 1123 1432 Nulla
1138 1378 1261 1444 autern,
1285 1370 1374 1453 quod

247 1476 399 1554 mireris,
424 1477 461 1540 in
494 1477 612 1555 Iliade,
645 1479 742 1542 nulla
765 1479 803 1542 in
825 1477 968 1566 Odyssea
990 1480 1106 1546 Vestae
1133 1477 1219 1544 facta
1245 1481 1374 1544 mentio

247 1601 303 1652 est.
327 1587 488 1675 ‘Saepius
508 1588 556 1652 ibi
578 1602 785 1654 memoratur
807 1580 978 1678 Δημήτηρ,
1001 1592 1056 1656 sed
1083 1615 1151 1656 non
1177 1593 1290 1658 addita
1312 1616 1374 1679 pa-

245 1712 383 1765 rentum
413 1702 592 1766 mentione.
639 1702 768 1768 Verum
795 1703 894 1768 Hom.
925 1704 967 1768 Η.
995 1704 1032 1769 in
1061 1703 1136 1770 Cer.
1161 1728 1193 1769 v.
1217 1708 1259 1769 75
1285 1728 1372 1791 seqq.

245 1814 367 1878 diserte
398 1814 524 1877 dicitm·
553 1814 665 1879 Rheae
693 1814 786 1893 filia,
812 1838 906 1879 soror
926 1815 1013 1881 Iovis
1035 1828 1069 1879 et
1089 1816 1251 1883 Plutonis.
1290 1808 1374 1904 “Hpq
1455 1872 1456 1883 .

245 1924 368 2012 passim
394 1926 484 2013 apud
513 1927 697 1992 Homerum
729 1928 856 1993 eximie
878 1929 1003 1993 dicitur
1034 1916 1181 2016 θυγάτηρ
1208 1918 1373 2017 μεγάλοιο

246 2028 389 2135 Κρόννρο,
411 2050 450 2103 ut
473 2029 588 2127 Κρόνου
611 2035 688 2111 τρεῖς
711 2040 840 2128 Iupiter
858 2053 1006 2106 vocatur.
1052 2043 1136 2108 Eam
1159 2053 1270 2107 autem
1292 2042 1372 2109 Cro-

244 2173 308 2214 nus
334 2151 374 2216 Il.
400 2150 440 2214 Δ.
465 2155 519 2219 60.
548 2144 674 2218 dicitur
696 2144 936 2241 πρεσβυτάτην
956 2147 1052 2241 ’γενεῇ
1078 2142 1241 2219 remedor-
1266 2156 1308 2223 Il.
1330 2156 1370 2222 Ο.

247 2265 320 2328 187.
345 2263 467 2328 diserte
484 2277 717 2329 memorantur
740 2277 807 2330 tres
825 2288 868 2330 ex
891 2264 1001 2331 Crono
1024 2272 1057 2330 et
1068 2266 1162 2359 Rhea
1182 2265 1303 2332 fratres
1319 2269 1371 2332 lu·

243 2375 345 2462 piter,
368 2376 552 2465 Neptunus,
568 2378 676 2457 Pluto,
691 2379 747 2442 sed
763 2377 911 2443 versibus
931 2380 993 2443 182
1008 2389 1039 2443 et
1056 2380 1130 2458 204,
1149 2378 1273 2443 horum
1289 2392 1371 2445 natu

243 2488 415 2552 maximus
434 2488 573 2577 Iupiter,
595 2490 654 2576 qui
676 2492 859 2555 secundum
884 2490 1064 2556 Hesiodum
1083 2503 1160 2579 post
1176 2515 1292 2557 omnes
1312 2518 1371 2557 na·

244 2610 296 2663 tus
321 2612 380 2664 est.

277 2848 320 2907 lv.
349 2820 420 2891 456
436 2849 500 2914 seq.
523 2827 597 2892 Dici
620 2827 661 2891 ab
683 2828 823 2893 Hesiodo
842 2839 933 2894 natas
952 2852 970 2894 e
992 2830 1083 2894 Rhea
1099 2831 1249 2907 Vestam,
1271 2830 1369 2894 Iuno.

243 2959 334 3015 nem,
361 2937 533 3019 Cererem,
554 2950 694 3005 testatur
714 2940 850 3005 Proelus
870 2940 907 3004 in
930 2939 1110 3028 Cratylum
1130 2946 1149 3028 §
1172 2944 1247 3008 140.
1271 2944 1347 3006 166.

288 3188 320 3229 τ.
353 3165 418 3231 454
439 3165 582 3243 citatur,
605 3166 659 3230 sed
684 3136 812 3242 vitiose,
840 3166 927 3253 apud
949 3138 1171 3231 Ammon-ium
1191 3190 1224 3232 v.
1256 3155 1368 3250 (toute
1455 3168 1456 3195 ³

243 3300 278 3364 p.
303 3279 357 3342 33.
380 3288 414 3340 et
440 3275 657 3341 Eustathium
678 3300 711 3364 p.
736 3279 832 3342 1564.
857 3279 910 3342 32.
932 3278 1054 3342 rectius
1075 3279 1116 3342 ab
1131 3280 1248 3365 Etym.
1271 3279 1316 3343 M.
1335 3302 1364 3343 v.

242 3375 361 3452 Ἑττιύ
382 3410 416 3475 p.
441 3389 516 3454 382.
543 3390 595 3453 46.

150 3664 157 3678 .
287 3638 318 3679 v.
347 3614 410 3678 455
436 3616 522 3700 smq.
557 3610 701 3677 Tradere
721 3611 901 3678 Hesiodum
925 3637 968 3678 ex
989 3613 1120 3694 Crono,
1145 3638 1202 3680 seu
1222 3615 1363 3680 Saturno

242 3726 368 3812 genitos
383 3726 506 3805 Iovem,
528 3725 733 3812 Neptunum,
751 3724 927 3790 Plutonem
948 3727 1059 3791 testati
1074 3740 1152 3792 sunt
1166 3729 1363 3793 Theodoret.

241 3839 282 3903 de
302 3860 374 3903 cur.
399 3837 459 3903 Gr.
484 3837 589 3903 affert.
611 3836 656 3902 ΙΙ.Ι
677 3859 710 3924 p.
735 3839 809 3901 735.
832 3837 891 3902 ΙΙΙ.
908 3861 942 3925 p.
960 3841 1043 3905 768.
1074 3840 1183 3905 Noun.
1205 3842 1246 3904 ad
1264 3840 1361 3927 Greg.

241 3974 274 4038 p.
298 3953 373 4016 517.
392 3952 432 4017 Α.
453 3951 503 4015 ed.
525 3949 667 4016 Montar.
692 3973 727 4038 p.
752 3951 825 4016 153.
857 3963 988 4039 patrem
1011 3953 1099 4017 Iovis
1120 3952 1303 4019 Saturnum
1323 3954 1361 4018 ab

241 4066 356 4130 eodem
375 4065 443 4129 dici
468 4064 651 4152 Theophil.
671 4065 711 4129 ad
733 4065 846 4131 Autol.
869 4065 913 4130 II.
935 4072 966 4131 5.
993 4090 1029 4156 p.
1054 4072 1107 4133 90.

285 4176 335 4242 Ad
354 4178 527 4244 Homerica
546 4177 586 4243 Il.
611 4176 650 4242 Δ.
676 4181 740 4255 59.,
765 4176 824 4241 ubi
845 4178 1019 4244 inducitur
1039 4180 1134 4258 Iuno,
1153 4181 1193 4245 de
1210 4204 1243 4245 se
1262 4203 1357 4268 prae·
1455 4186 1456 4189 ’

240 4287 369 4354 dicans:
393 4277 451 4354 sul
472 4307 516 4376 με
536 4279 772 4378 πρεσβυτάτην
794 4283 909 4355 τέκετο
934 4282 1055 4380 Κρόνος,
1079 4291 1188 4359 Schol.
1213 4294 1298 4360 Ven.
1319 4296 1354 4358 A.
