<?xml version="1.0" encoding="UTF-8"?>
<!DOCTYPE html PUBLIC "-//W3C//DTD XHTML 1.0 Transitional//EN"
    "http://www.w3.org/TR/xhtml1/DTD/xhtml1-transitional.dtd">
<html xmlns="http://www.w3.org/1999/xhtml" xml:lang="en" lang="en">
 <head>
  <title>
</title>
<meta http-equiv="Content-Type" content="text/html;charset=utf-8" />
  <meta name='ocr-system' content='tesseract 3.04.00' />
  <meta name='ocr-capabilities' content='ocr_page ocr_carea ocr_par ocr_line ocrx_word'/>
</head>
<body>
  <div class='ocr_page' id='page_1' title='image "./hesioditheogoni00lenngoog_0266.png"; bbox 0 0 2967 5209; ppageno 0'>
   <div class='ocr_carea' id='block_1_1' title="bbox 145 442 907 568">
    <p class='ocr_par' dir='ltr' id='par_1_1' title="bbox 145 442 907 568">
     <span class='ocr_line' id='line_1_1' title="bbox 145 442 907 568; baseline -0.003 -33"><span class='ocrx_word' id='word_1_1' title='bbox 145 442 157 452; x_wconf 39' lang='lat'>⁸</span> <span class='ocrx_word' id='word_1_2' title='bbox 222 463 293 536; x_wconf 92' lang='grc'>222</span> <span class='ocrx_word' id='word_1_3' title='bbox 330 546 335 563; x_wconf 36' lang='lat'><strong>¹</strong></span> <span class='ocrx_word' id='word_1_4' title='bbox 645 487 907 568; x_wconf 23' lang='lat' dir='ltr'>&#39;musseium</span> 
     </span>
    </p>
   </div>
   <div class='ocr_carea' id='block_1_2' title="bbox 145 657 1351 972">
    <p class='ocr_par' dir='ltr' id='par_1_2' title="bbox 145 657 1351 972">
     <span class='ocr_line' id='line_1_2' title="bbox 145 657 1350 746; baseline -0.004 -17"><span class='ocrx_word' id='word_1_5' title='bbox 145 722 149 729; x_wconf 89' lang='lat'>.</span> <span class='ocrx_word' id='word_1_6' title='bbox 218 659 274 723; x_wconf 91' lang='lat' dir='ltr'>cui</span> <span class='ocrx_word' id='word_1_7' title='bbox 308 659 417 723; x_wconf 85' lang='lat' dir='ltr'>versui</span> <span class='ocrx_word' id='word_1_8' title='bbox 434 669 547 723; x_wconf 86' lang='lat' dir='ltr'>tamen</span> <span class='ocrx_word' id='word_1_9' title='bbox 567 657 812 746; x_wconf 88' lang='lat' dir='ltr'>interponendo</span> <span class='ocrx_word' id='word_1_10' title='bbox 831 659 923 724; x_wconf 89' lang='lat' dir='ltr'>locus</span> <span class='ocrx_word' id='word_1_11' title='bbox 944 680 1014 723; x_wconf 87' lang='lat' dir='ltr'>nnn</span> <span class='ocrx_word' id='word_1_12' title='bbox 1031 668 1090 721; x_wconf 85' lang='lat' dir='ltr'>est.</span> <span class='ocrx_word' id='word_1_13' title='bbox 1137 657 1350 724; x_wconf 84' lang='lat' dir='ltr'>Mentionem</span> 
     </span>
     <span class='ocr_line' id='line_1_3' title="bbox 146 767 1351 839; baseline -0.002 -2"><span class='ocrx_word' id='word_1_14' title='bbox 146 827 151 837; x_wconf 95' lang='grc'><em>,</em></span> <span class='ocrx_word' id='word_1_15' title='bbox 219 776 331 836; x_wconf 75' lang='lat' dir='ltr'>sutem</span> <span class='ocrx_word' id='word_1_16' title='bbox 351 768 505 837; x_wconf 87' lang='lat' dir='ltr'>Herculis</span> <span class='ocrx_word' id='word_1_17' title='bbox 524 769 615 839; x_wconf 86' lang='lat' dir='ltr'>mihi</span> <span class='ocrx_word' id='word_1_18' title='bbox 632 769 768 838; x_wconf 85' lang='lat' dir='ltr'>videtur</span> <span class='ocrx_word' id='word_1_19' title='bbox 780 769 979 837; x_wconf 72' lang='lat' dir='ltr'>scholiastes</span> <span class='ocrx_word' id='word_1_20' title='bbox 996 767 1064 835; x_wconf 88' lang='lat' dir='ltr'>huc</span> <span class='ocrx_word' id='word_1_21' title='bbox 1074 771 1211 836; x_wconf 83' lang='lat' dir='ltr'>aliunde</span> <span class='ocrx_word' id='word_1_22' title='bbox 1220 782 1351 837; x_wconf 86' lang='lat' dir='ltr'>temere</span> 
     </span>
     <span class='ocr_line' id='line_1_4' title="bbox 219 873 1351 972; baseline -0.003 -21"><span class='ocrx_word' id='word_1_23' title='bbox 219 884 394 951; x_wconf 79' lang='lat' dir='ltr'>invexisse.</span> <span class='ocrx_word' id='word_1_24' title='bbox 441 881 539 950; x_wconf 80' lang='lat' dir='ltr'>Certe</span> <span class='ocrx_word' id='word_1_25' title='bbox 560 873 701 968; x_wconf 63' lang='grc' dir='ltr'>μέλουσι</span> <span class='ocrx_word' id='word_1_26' title='bbox 723 883 895 950; x_wconf 85' lang='lat' dir='ltr'>manentia</span> <span class='ocrx_word' id='word_1_27' title='bbox 915 883 1024 949; x_wconf 87' lang='lat' dir='ltr'>adbuc</span> <span class='ocrx_word' id='word_1_28' title='bbox 1043 883 1131 970; x_wconf 75' lang='lat' dir='ltr'>apird</span> <span class='ocrx_word' id='word_1_29' title='bbox 1152 883 1351 972; x_wconf 72' lang='lat' dir='ltr'>Hesperidas</span> 
     </span>
    </p>
   </div>
   <div class='ocr_carea' id='block_1_3' title="bbox 219 991 1349 1086">
    <p class='ocr_par' dir='ltr' id='par_1_3' title="bbox 219 991 1470 1093">
     <span class='ocr_line' id='line_1_5' title="bbox 219 991 1349 1086; baseline -0.001 -23"><span class='ocrx_word' id='word_1_30' title='bbox 219 998 307 1063; x_wconf 88' lang='lat' dir='ltr'>mala</span> <span class='ocrx_word' id='word_1_31' title='bbox 328 996 472 1074; x_wconf 84' lang='lat' dir='ltr'>indicat,</span> <span class='ocrx_word' id='word_1_32' title='bbox 495 997 584 1083; x_wconf 91' lang='lat' dir='ltr'>quod</span> <span class='ocrx_word' id='word_1_33' title='bbox 606 996 722 1062; x_wconf 86' lang='lat' dir='ltr'>videns</span> <span class='ocrx_word' id='word_1_34' title='bbox 737 996 951 1062; x_wconf 82' lang='lat' dir='ltr'>Muetzellius</span> <span class='ocrx_word' id='word_1_35' title='bbox 964 994 1012 1086; x_wconf 89' lang='lat' dir='ltr'>(p.</span> <span class='ocrx_word' id='word_1_36' title='bbox 1028 991 1118 1082; x_wconf 65' lang='lat'><strong>483.)</strong></span> <span class='ocrx_word' id='word_1_37' title='bbox 1131 1018 1266 1063; x_wconf 82' lang='lat' dir='ltr'>versum</span> <span class='ocrx_word' id='word_1_38' title='bbox 1279 998 1349 1061; x_wconf 80' lang='lat'>216</span> 
     </span>
    </p>
   </div>
   <div class='ocr_carea' id='block_1_4' title="bbox 218 1105 1247 1361">
    <p class='ocr_par' dir='ltr' id='par_1_4' title="bbox 218 1105 1247 1361">
     <span class='ocr_line' id='line_1_6' title="bbox 218 1105 1005 1197; baseline -0.001 -23"><span class='ocrx_word' id='word_1_39' title='bbox 218 1107 354 1174; x_wconf 86' lang='lat' dir='ltr'>coniicit</span> <span class='ocrx_word' id='word_1_40' title='bbox 371 1107 418 1174; x_wconf 87' lang='lat' dir='ltr'>sic</span> <span class='ocrx_word' id='word_1_41' title='bbox 441 1107 626 1194; x_wconf 80' lang='lat' dir='ltr'>antiquitus</span> <span class='ocrx_word' id='word_1_42' title='bbox 646 1105 748 1175; x_wconf 84' lang='lat' dir='ltr'>fuisse</span> <span class='ocrx_word' id='word_1_43' title='bbox 769 1120 1005 1197; x_wconf 84' lang='lat' dir='ltr'>propagatum:</span> 
     </span>
     <span class='ocr_line' id='line_1_7' title="bbox 302 1234 1247 1361; baseline -0.003 -24"><span class='ocrx_word' id='word_1_44' title='bbox 302 1234 446 1357; x_wconf 55' lang='lat' dir='ltr'>&#39;xpsees</span> <span class='ocrx_word' id='word_1_45' title='bbox 471 1260 563 1335; x_wconf 63' lang='lat' dir='ltr'>autb</span> <span class='ocrx_word' id='word_1_46' title='bbox 586 1260 739 1355; x_wconf 66' lang='grc' dir='ltr'><strong><em>μέμηλε,</em></strong></span> <span class='ocrx_word' id='word_1_47' title='bbox 765 1256 841 1336; x_wconf 70' lang='lat' dir='ltr'>red</span> <span class='ocrx_word' id='word_1_48' title='bbox 866 1263 1034 1358; x_wconf 66' lang='grc' dir='ltr'>Ηρακλέης</span> <span class='ocrx_word' id='word_1_49' title='bbox 1057 1258 1247 1361; x_wconf 72' lang='grc' dir='ltr'>ἐτρύγησεν,</span> 
     </span>
    </p>
   </div>
   <div class='ocr_carea' id='block_1_5' title="bbox 216 1435 1348 1648">
    <p class='ocr_par' dir='ltr' id='par_1_5' title="bbox 216 1435 1348 1648">
     <span class='ocr_line' id='line_1_8' title="bbox 217 1435 1348 1536; baseline -0.002 -25"><span class='ocrx_word' id='word_1_50' title='bbox 217 1443 342 1511; x_wconf 85' lang='lat' dir='ltr'>oblitus</span> <span class='ocrx_word' id='word_1_51' title='bbox 371 1445 520 1532; x_wconf 86' lang='lat' dir='ltr'><strong>primam</strong></span> <span class='ocrx_word' id='word_1_52' title='bbox 550 1448 589 1513; x_wconf 90' lang='lat' dir='ltr'>in</span> <span class='ocrx_word' id='word_1_53' title='bbox 616 1435 755 1536; x_wconf 73' lang='grc' dir='ltr'>τρυγάω</span> <span class='ocrx_word' id='word_1_54' title='bbox 790 1448 927 1535; x_wconf 84' lang='lat' dir='ltr'>longam</span> <span class='ocrx_word' id='word_1_55' title='bbox 953 1470 1029 1514; x_wconf 86' lang='lat' dir='ltr'>esse.</span> <span class='ocrx_word' id='word_1_56' title='bbox 1074 1449 1121 1514; x_wconf 79' lang='lat' dir='ltr'>At</span> <span class='ocrx_word' id='word_1_57' title='bbox 1140 1468 1229 1515; x_wconf 69' lang='lat' dir='ltr'>sero</span> <span class='ocrx_word' id='word_1_58' title='bbox 1253 1443 1348 1513; x_wconf 88' lang='lat' dir='ltr'>infra</span> 
     </span>
     <span class='ocr_line' id='line_1_9' title="bbox 216 1558 1346 1648; baseline 0.004 -29"><span class='ocrx_word' id='word_1_59' title='bbox 216 1578 346 1643; x_wconf 91' lang='lat' dir='ltr'>quoque</span> <span class='ocrx_word' id='word_1_60' title='bbox 358 1579 391 1623; x_wconf 85' lang='lat' dir='ltr'>v.</span> <span class='ocrx_word' id='word_1_61' title='bbox 410 1560 487 1629; x_wconf 72' lang='lat'>335.</span> <span class='ocrx_word' id='word_1_62' title='bbox 502 1558 543 1623; x_wconf 95' lang='lat' dir='ltr'>de</span> <span class='ocrx_word' id='word_1_63' title='bbox 551 1560 711 1638; x_wconf 87' lang='lat' dir='ltr'>Dracone,</span> <span class='ocrx_word' id='word_1_64' title='bbox 724 1560 819 1625; x_wconf 80' lang='lat' dir='ltr'>barti</span> <span class='ocrx_word' id='word_1_65' title='bbox 829 1559 1049 1648; x_wconf 88' lang='lat' dir='ltr'>Hesperidum</span> <span class='ocrx_word' id='word_1_66' title='bbox 1057 1561 1205 1637; x_wconf 79' lang='lat' dir='ltr'>custode,</span> <span class='ocrx_word' id='word_1_67' title='bbox 1215 1559 1346 1625; x_wconf 70' lang='lat' dir='ltr'>dicias</span> 
     </span>
    </p>
   </div>
   <div class='ocr_carea' id='block_1_6' title="bbox 36 1659 1470 2324">
    <p class='ocr_par' dir='ltr' id='par_1_6' title="bbox 36 1659 1470 2324">
     <span class='ocr_line' id='line_1_10' title="bbox 36 1659 1349 1763; baseline 0.005 -34"><span class='ocrx_word' id='word_1_68' title='bbox 36 1692 38 1697; x_wconf 53' lang='lat'><strong><em>¹</em></strong></span> <span class='ocrx_word' id='word_1_69' title='bbox 76 1760 77 1763; x_wconf 7' lang='grc' dir='ltr'><strong>Ἴ</strong></span> <span class='ocrx_word' id='word_1_70' title='bbox 217 1664 431 1758; x_wconf 64' lang='grc' dir='ltr'><em>παγχρύσεα</em></span> <span class='ocrx_word' id='word_1_71' title='bbox 453 1664 549 1757; x_wconf 66' lang='grc' dir='ltr'>μῆλα</span> <span class='ocrx_word' id='word_1_72' title='bbox 570 1659 744 1757; x_wconf 57' lang='lat' dir='ltr'>(dulciores</span> <span class='ocrx_word' id='word_1_73' title='bbox 766 1674 893 1759; x_wconf 89' lang='lat' dir='ltr'>etquis</span> <span class='ocrx_word' id='word_1_74' title='bbox 916 1695 979 1761; x_wconf 90' lang='lat' dir='ltr'>pro</span> <span class='ocrx_word' id='word_1_75' title='bbox 999 1685 1090 1739; x_wconf 87' lang='lat' dir='ltr'>certo</span> <span class='ocrx_word' id='word_1_76' title='bbox 1114 1673 1219 1751; x_wconf 87' lang='lat' dir='ltr'>dicet,</span> <span class='ocrx_word' id='word_1_77' title='bbox 1243 1672 1349 1739; x_wconf 85' lang='lat' dir='ltr'>Vete-</span> 
     </span>
     <span class='ocr_line' id='line_1_11' title="bbox 216 1778 1470 1869; baseline 0.003 -24"><span class='ocrx_word' id='word_1_78' title='bbox 216 1804 296 1845; x_wconf 87' lang='lat' dir='ltr'>rum</span> <span class='ocrx_word' id='word_1_79' title='bbox 324 1782 502 1869; x_wconf 88' lang='lat' dir='ltr'>opinione‚</span> <span class='ocrx_word' id='word_1_80' title='bbox 533 1784 580 1848; x_wconf 89' lang='lat' dir='ltr'>sic</span> <span class='ocrx_word' id='word_1_81' title='bbox 612 1784 654 1849; x_wconf 91' lang='lat' dir='ltr'>ab</span> <span class='ocrx_word' id='word_1_82' title='bbox 684 1785 827 1851; x_wconf 77' lang='lat' dir='ltr'>Hercule</span> <span class='ocrx_word' id='word_1_83' title='bbox 856 1784 965 1850; x_wconf 86' lang='lat' dir='ltr'>ablata</span> <span class='ocrx_word' id='word_1_84' title='bbox 988 1784 1088 1851; x_wconf 71' lang='lat' dir='ltr'>fiune</span> <span class='ocrx_word' id='word_1_85' title='bbox 1115 1787 1222 1864; x_wconf 88' lang='lat' dir='ltr'>mala,</span> <span class='ocrx_word' id='word_1_86' title='bbox 1245 1796 1286 1849; x_wconf 89' lang='lat' dir='ltr'>ut</span> <span class='ocrx_word' id='word_1_87' title='bbox 1306 1784 1348 1849; x_wconf 92' lang='lat' dir='ltr'>in</span> <span class='ocrx_word' id='word_1_88' title='bbox 1469 1778 1470 1817; x_wconf 65' lang='lat'>³</span> 
     </span>
     <span class='ocr_line' id='line_1_12' title="bbox 216 1876 1470 1995; baseline 0.002 -37"><span class='ocrx_word' id='word_1_89' title='bbox 216 1892 317 1958; x_wconf 88' lang='lat' dir='ltr'>horto</span> <span class='ocrx_word' id='word_1_90' title='bbox 336 1876 433 1959; x_wconf 76' lang='lat' dir='ltr'>nulla</span> <span class='ocrx_word' id='word_1_91' title='bbox 455 1916 554 1960; x_wconf 88' lang='lat' dir='ltr'>curae</span> <span class='ocrx_word' id='word_1_92' title='bbox 573 1895 796 1995; x_wconf 82' lang='lat' dir='ltr'>Hesperidum</span> <span class='ocrx_word' id='word_1_93' title='bbox 814 1896 1108 1984; x_wconf 76' lang='lat' dir='ltr'>relinquerentur?</span> <span class='ocrx_word' id='word_1_94' title='bbox 1154 1895 1251 1982; x_wconf 88' lang='lat' dir='ltr'>Quis,</span> <span class='ocrx_word' id='word_1_95' title='bbox 1274 1918 1348 1961; x_wconf 92' lang='lat' dir='ltr'>non</span> <span class='ocrx_word' id='word_1_96' title='bbox 1469 1894 1470 1977; x_wconf 67' lang='lat' dir='ltr'>l</span> 
     </span>
     <span class='ocr_line' id='line_1_13' title="bbox 217 2000 1470 2094; baseline 0.003 -24"><span class='ocrx_word' id='word_1_97' title='bbox 217 2017 330 2094; x_wconf 85' lang='lat' dir='ltr'>postea</span> <span class='ocrx_word' id='word_1_98' title='bbox 348 2006 387 2071; x_wconf 92' lang='lat' dir='ltr'>in</span> <span class='ocrx_word' id='word_1_99' title='bbox 407 2007 595 2075; x_wconf 80' lang='lat' dir='ltr'>ablatorum</span> <span class='ocrx_word' id='word_1_100' title='bbox 612 2011 727 2076; x_wconf 87' lang='lat' dir='ltr'>locum</span> <span class='ocrx_word' id='word_1_101' title='bbox 745 2010 814 2077; x_wconf 88' lang='lat' dir='ltr'>alia</span> <span class='ocrx_word' id='word_1_102' title='bbox 826 2010 866 2076; x_wconf 92' lang='lat' dir='ltr'>in</span> <span class='ocrx_word' id='word_1_103' title='bbox 883 2009 1068 2088; x_wconf 77' lang='lat' dir='ltr'>arboribus,</span> <span class='ocrx_word' id='word_1_104' title='bbox 1083 2028 1226 2083; x_wconf 82' lang='lat' dir='ltr'>aureum</span> <span class='ocrx_word' id='word_1_105' title='bbox 1239 2009 1346 2075; x_wconf 85' lang='lat' dir='ltr'>illum</span> <span class='ocrx_word' id='word_1_106' title='bbox 1469 2000 1470 2045; x_wconf 30' lang='grc' dir='ltr'><em>Ὗ</em></span> 
     </span>
     <span class='ocr_line' id='line_1_14' title="bbox 217 2115 1347 2210; baseline 0.003 -28"><span class='ocrx_word' id='word_1_107' title='bbox 217 2115 369 2185; x_wconf 85' lang='lat' dir='ltr'>fructum</span> <span class='ocrx_word' id='word_1_108' title='bbox 384 2117 579 2201; x_wconf 81' lang='lat' dir='ltr'>serentibus,</span> <span class='ocrx_word' id='word_1_109' title='bbox 601 2121 819 2189; x_wconf 79' lang='lat' dir='ltr'>succrevisse?</span> <span class='ocrx_word' id='word_1_110' title='bbox 852 2122 925 2210; x_wconf 84' lang='lat' dir='ltr'>Ipse</span> <span class='ocrx_word' id='word_1_111' title='bbox 945 2123 1025 2187; x_wconf 90' lang='lat' dir='ltr'>edeo</span> <span class='ocrx_word' id='word_1_112' title='bbox 1046 2121 1157 2189; x_wconf 87' lang='lat' dir='ltr'>ablata</span> <span class='ocrx_word' id='word_1_113' title='bbox 1169 2120 1347 2208; x_wconf 81' lang='lat' dir='ltr'>postmodo</span> 
     </span>
     <span class='ocr_line' id='line_1_15' title="bbox 218 2231 1470 2324; baseline 0.003 -28"><span class='ocrx_word' id='word_1_114' title='bbox 218 2232 259 2296; x_wconf 91' lang='lat' dir='ltr'>ed</span> <span class='ocrx_word' id='word_1_115' title='bbox 273 2231 468 2320; x_wconf 79' lang='lat' dir='ltr'>Hesperidas</span> <span class='ocrx_word' id='word_1_116' title='bbox 489 2234 623 2300; x_wconf 85' lang='lat' dir='ltr'>rediisse</span> <span class='ocrx_word' id='word_1_117' title='bbox 638 2235 778 2324; x_wconf 87' lang='lat' dir='ltr'>quidam</span> <span class='ocrx_word' id='word_1_118' title='bbox 798 2247 946 2323; x_wconf 78' lang='lat' dir='ltr'>auctores</span> <span class='ocrx_word' id='word_1_119' title='bbox 963 2233 1115 2302; x_wconf 82' lang='lat' dir='ltr'>fuerunt.</span> <span class='ocrx_word' id='word_1_120' title='bbox 1139 2235 1218 2303; x_wconf 81' lang='lat' dir='ltr'>vid.</span> <span class='ocrx_word' id='word_1_121' title='bbox 1235 2234 1348 2322; x_wconf 83' lang='lat' dir='ltr'>Apol-</span> <span class='ocrx_word' id='word_1_122' title='bbox 1469 2264 1470 2281; x_wconf 59' lang='lat'>1</span> 
     </span>
    </p>
   </div>
   <div class='ocr_carea' id='block_1_7' title="bbox 217 2348 1470 2439">
    <p class='ocr_par' dir='ltr' id='par_1_7' title="bbox 217 2348 1470 2439">
     <span class='ocr_line' id='line_1_16' title="bbox 217 2348 1470 2439; baseline 0.004 -27"><span class='ocrx_word' id='word_1_123' title='bbox 217 2348 287 2412; x_wconf 86' lang='lat' dir='ltr'>lod.</span> <span class='ocrx_word' id='word_1_124' title='bbox 308 2348 351 2416; x_wconf 94' lang='grc' dir='ltr'>ΙΙ.</span> <span class='ocrx_word' id='word_1_125' title='bbox 372 2350 416 2417; x_wconf 84' lang='lat' dir='ltr'>V.</span> <span class='ocrx_word' id='word_1_126' title='bbox 433 2351 472 2412; x_wconf 86' lang='lat'>11</span> <span class='ocrx_word' id='word_1_127' title='bbox 493 2350 552 2415; x_wconf 89' lang='lat' dir='ltr'>fin.</span> <span class='ocrx_word' id='word_1_128' title='bbox 577 2350 661 2437; x_wconf 88' lang='lat' dir='ltr'>Quis</span> <span class='ocrx_word' id='word_1_129' title='bbox 671 2352 816 2439; x_wconf 90' lang='lat' dir='ltr'>denique</span> <span class='ocrx_word' id='word_1_130' title='bbox 839 2351 943 2417; x_wconf 90' lang='lat' dir='ltr'>illum</span> <span class='ocrx_word' id='word_1_131' title='bbox 959 2352 1000 2417; x_wconf 89' lang='lat' dir='ltr'>de</span> <span class='ocrx_word' id='word_1_132' title='bbox 1019 2351 1139 2417; x_wconf 88' lang='lat' dir='ltr'>ablatis</span> <span class='ocrx_word' id='word_1_133' title='bbox 1151 2350 1192 2415; x_wconf 91' lang='lat' dir='ltr'>ab</span> <span class='ocrx_word' id='word_1_134' title='bbox 1202 2350 1347 2415; x_wconf 89' lang='lat' dir='ltr'>Hercule</span> <span class='ocrx_word' id='word_1_135' title='bbox 1469 2360 1470 2417; x_wconf 68' lang='lat'>1</span> 
     </span>
    </p>
   </div>
   <div class='ocr_carea' id='block_1_8' title="bbox 217 2460 1470 2644">
    <p class='ocr_par' dir='ltr' id='par_1_8' title="bbox 217 2460 1470 2644">
     <span class='ocr_line' id='line_1_17' title="bbox 217 2460 1470 2552; baseline 0.005 -27"><span class='ocrx_word' id='word_1_136' title='bbox 217 2460 437 2548; x_wconf 86' lang='lat' dir='ltr'>Hesperidum</span> <span class='ocrx_word' id='word_1_137' title='bbox 460 2463 560 2528; x_wconf 88' lang='lat' dir='ltr'>malis</span> <span class='ocrx_word' id='word_1_138' title='bbox 576 2465 740 2552; x_wconf 81' lang='lat' dir='ltr'>mythum</span> <span class='ocrx_word' id='word_1_139' title='bbox 759 2464 801 2530; x_wconf 91' lang='lat' dir='ltr'>ab</span> <span class='ocrx_word' id='word_1_140' title='bbox 819 2465 960 2530; x_wconf 84' lang='lat' dir='ltr'>Hesiodo</span> <span class='ocrx_word' id='word_1_141' title='bbox 973 2475 1154 2531; x_wconf 76' lang='lat' dir='ltr'>tractatum</span> <span class='ocrx_word' id='word_1_142' title='bbox 1167 2463 1268 2530; x_wconf 82' lang='lat' dir='ltr'>fuisse</span> <span class='ocrx_word' id='word_1_143' title='bbox 1283 2486 1346 2552; x_wconf 90' lang='lat' dir='ltr'>pro</span> <span class='ocrx_word' id='word_1_144' title='bbox 1469 2482 1470 2545; x_wconf 50' lang='grc' dir='ltr'>ἢ</span> 
     </span>
     <span class='ocr_line' id='line_1_18' title="bbox 218 2576 1285 2644; baseline 0.007 -5"><span class='ocrx_word' id='word_1_145' title='bbox 218 2587 309 2641; x_wconf 83' lang='lat' dir='ltr'>certo</span> <span class='ocrx_word' id='word_1_146' title='bbox 331 2576 521 2642; x_wconf 82' lang='lat' dir='ltr'>adseverare</span> <span class='ocrx_word' id='word_1_147' title='bbox 543 2578 684 2644; x_wconf 75' lang='lat' dir='ltr'>audeat?</span> <span class='ocrx_word' id='word_1_148' title='bbox 1280 2590 1285 2598; x_wconf 84' lang='lat'>&#39;</span> 
     </span>
    </p>
   </div>
   <div class='ocr_carea' id='block_1_9' title="bbox 212 2790 1470 3013">
    <p class='ocr_par' dir='ltr' id='par_1_9' title="bbox 212 2790 1470 3013">
     <span class='ocr_line' id='line_1_19' title="bbox 212 2790 1470 2895; baseline -0.002 -25"><span class='ocrx_word' id='word_1_149' title='bbox 212 2790 214 2801; x_wconf 81' lang='lat'>&#39;</span> <span class='ocrx_word' id='word_1_150' title='bbox 261 2826 295 2871; x_wconf 83' lang='lat' dir='ltr'>v.</span> <span class='ocrx_word' id='word_1_151' title='bbox 312 2801 398 2871; x_wconf 72' lang='grc' dir='ltr'>Ι215.</span> <span class='ocrx_word' id='word_1_152' title='bbox 428 2796 525 2893; x_wconf 57' lang='lat' dir='ltr'>reples</span> <span class='ocrx_word' id='word_1_153' title='bbox 556 2803 679 2870; x_wconf 76' lang='grc' dir='ltr'><strong><em>κλυτοῦ</em></strong></span> <span class='ocrx_word' id='word_1_154' title='bbox 704 2794 885 2893; x_wconf 71' lang='grc' dir='ltr'>Ὠκεανοῖο)</span> <span class='ocrx_word' id='word_1_155' title='bbox 918 2791 1069 2895; x_wconf 54' lang='lat' dir='ltr'>buxeris,</span> <span class='ocrx_word' id='word_1_156' title='bbox 1099 2795 1178 2892; x_wconf 66' lang='grc' dir='ltr'>πρὸς</span> <span class='ocrx_word' id='word_1_157' title='bbox 1208 2792 1345 2883; x_wconf 69' lang='lat' dir='ltr'>uuerbe,</span> <span class='ocrx_word' id='word_1_158' title='bbox 1469 2870 1470 2883; x_wconf 14' lang='grc' dir='ltr'>ἶ</span> 
     </span>
     <span class='ocr_line' id='line_1_20' title="bbox 217 2907 1470 3013; baseline 0 -33"><span class='ocrx_word' id='word_1_159' title='bbox 217 2928 257 2981; x_wconf 88' lang='lat' dir='ltr'>ut</span> <span class='ocrx_word' id='word_1_160' title='bbox 276 2917 412 2982; x_wconf 84' lang='lat' dir='ltr'>additur</span> <span class='ocrx_word' id='word_1_161' title='bbox 435 2940 468 2985; x_wconf 78' lang='lat' dir='ltr'>r.</span> <span class='ocrx_word' id='word_1_162' title='bbox 490 2922 566 2985; x_wconf 79' lang='lat'><strong>275.</strong></span> <span class='ocrx_word' id='word_1_163' title='bbox 589 2920 679 3013; x_wconf 80' lang='lat' dir='ltr'>unde</span> <span class='ocrx_word' id='word_1_164' title='bbox 698 2907 884 3006; x_wconf 73' lang='grc' dir='ltr'>Ἑσπὲριδες</span> <span class='ocrx_word' id='word_1_165' title='bbox 905 2918 1024 2991; x_wconf 82' lang='lat' dir='ltr'>dictae.</span> <span class='ocrx_word' id='word_1_166' title='bbox 1069 2918 1285 3007; x_wconf 77' lang='lat' dir='ltr'>Pherecydes,</span> <span class='ocrx_word' id='word_1_167' title='bbox 1305 2926 1346 2980; x_wconf 85' lang='lat' dir='ltr'>ut</span> <span class='ocrx_word' id='word_1_168' title='bbox 1469 2912 1470 2915; x_wconf 45' lang='lat'>&#39;</span> 
     </span>
    </p>
   </div>
   <div class='ocr_carea' id='block_1_10' title="bbox 215 3029 1345 3344">
    <p class='ocr_par' dir='ltr' id='par_1_10' title="bbox 215 3029 1345 3344">
     <span class='ocr_line' id='line_1_21' title="bbox 217 3029 1343 3121; baseline 0.001 -25"><span class='ocrx_word' id='word_1_169' title='bbox 217 3052 260 3096; x_wconf 85' lang='lat' dir='ltr'>ex</span> <span class='ocrx_word' id='word_1_170' title='bbox 285 3029 428 3098; x_wconf 87' lang='lat' dir='ltr'>Scholiis</span> <span class='ocrx_word' id='word_1_171' title='bbox 447 3034 487 3097; x_wconf 88' lang='lat' dir='ltr'>ad</span> <span class='ocrx_word' id='word_1_172' title='bbox 507 3033 668 3121; x_wconf 78' lang='lat' dir='ltr'>Apollon.</span> <span class='ocrx_word' id='word_1_173' title='bbox 689 3034 800 3100; x_wconf 86' lang='lat' dir='ltr'>Rhod.</span> <span class='ocrx_word' id='word_1_174' title='bbox 828 3034 886 3102; x_wconf 86' lang='lat' dir='ltr'>IV.</span> <span class='ocrx_word' id='word_1_175' title='bbox 913 3036 1011 3121; x_wconf 71' lang='lat' dir='ltr'>lese.</span> <span class='ocrx_word' id='word_1_176' title='bbox 1035 3035 1214 3111; x_wconf 87' lang='lat' dir='ltr'>discimus,</span> <span class='ocrx_word' id='word_1_177' title='bbox 1233 3032 1343 3098; x_wconf 89' lang='lat' dir='ltr'>sedem</span> 
     </span>
     <span class='ocr_line' id='line_1_22' title="bbox 216 3130 1345 3235; baseline 0.002 -27"><span class='ocrx_word' id='word_1_178' title='bbox 216 3143 259 3209; x_wconf 91' lang='lat' dir='ltr'>iis</span> <span class='ocrx_word' id='word_1_179' title='bbox 280 3145 404 3209; x_wconf 82' lang='lat' dir='ltr'>tribuit</span> <span class='ocrx_word' id='word_1_180' title='bbox 431 3132 464 3211; x_wconf 77' lang='grc' dir='ltr'>ἓν</span> <span class='ocrx_word' id='word_1_181' title='bbox 487 3134 535 3233; x_wconf 80' lang='grc' dir='ltr'>τῷ</span> <span class='ocrx_word' id='word_1_182' title='bbox 562 3135 719 3235; x_wconf 71' lang='grc' dir='ltr'><em>Ὠκεανῷ,</em></span> <span class='ocrx_word' id='word_1_183' title='bbox 744 3146 856 3233; x_wconf 89' lang='lat' dir='ltr'>aliqua</span> <span class='ocrx_word' id='word_1_184' title='bbox 870 3146 909 3212; x_wconf 88' lang='lat' dir='ltr'>in</span> <span class='ocrx_word' id='word_1_185' title='bbox 934 3147 1045 3213; x_wconf 88' lang='lat' dir='ltr'>insula</span> <span class='ocrx_word' id='word_1_186' title='bbox 1068 3146 1210 3224; x_wconf 89' lang='lat' dir='ltr'>Oceani,</span> <span class='ocrx_word' id='word_1_187' title='bbox 1234 3145 1290 3210; x_wconf 91' lang='lat' dir='ltr'>sed</span> <span class='ocrx_word' id='word_1_188' title='bbox 1312 3130 1345 3210; x_wconf 75' lang='grc' dir='ltr'>ἓν</span> 
     </span>
     <span class='ocr_line' id='line_1_23' title="bbox 215 3246 460 3344; baseline 0.012 -24"><span class='ocrx_word' id='word_1_189' title='bbox 215 3246 460 3344; x_wconf 67' lang='grc' dir='ltr'>Ἵπερβορείοις.</span> 
     </span>
    </p>
   </div>
   <div class='ocr_carea' id='block_1_11' title="bbox 165 3474 1345 4141">
    <p class='ocr_par' dir='ltr' id='par_1_11' title="bbox 165 3474 1345 4141">
     <span class='ocr_line' id='line_1_24' title="bbox 261 3474 1345 3574; baseline -0.002 -26"><span class='ocrx_word' id='word_1_190' title='bbox 261 3504 318 3556; x_wconf 74' lang='lat' dir='ltr'>vr.</span> <span class='ocrx_word' id='word_1_191' title='bbox 343 3485 419 3550; x_wconf 78' lang='lat'><strong>215.</strong></span> <span class='ocrx_word' id='word_1_192' title='bbox 440 3485 516 3551; x_wconf 82' lang='lat'><strong>216.</strong></span> <span class='ocrx_word' id='word_1_193' title='bbox 547 3476 644 3569; x_wconf 67' lang='grc' dir='ltr'>μῆλα</span> <span class='ocrx_word' id='word_1_194' title='bbox 667 3480 803 3574; x_wconf 72' lang='grc' dir='ltr'><em>χρύσεα</em></span> <span class='ocrx_word' id='word_1_195' title='bbox 825 3474 917 3548; x_wconf 58' lang='grc' dir='ltr'>καλὴ</span> <span class='ocrx_word' id='word_1_196' title='bbox 939 3481 1048 3559; x_wconf 85' lang='lat' dir='ltr'>foere,</span> <span class='ocrx_word' id='word_1_197' title='bbox 1079 3482 1139 3569; x_wconf 91' lang='lat' dir='ltr'>qui</span> <span class='ocrx_word' id='word_1_198' title='bbox 1164 3482 1206 3548; x_wconf 92' lang='lat' dir='ltr'>de</span> <span class='ocrx_word' id='word_1_199' title='bbox 1226 3482 1345 3548; x_wconf 82' lang='lat' dir='ltr'>ovibus</span> 
     </span>
     <span class='ocr_line' id='line_1_25' title="bbox 217 3592 1343 3685; baseline 0.001 -24"><span class='ocrx_word' id='word_1_200' title='bbox 217 3596 417 3685; x_wconf 86' lang='lat' dir='ltr'>acciperent,</span> <span class='ocrx_word' id='word_1_201' title='bbox 440 3610 480 3663; x_wconf 89' lang='lat' dir='ltr'>ut</span> <span class='ocrx_word' id='word_1_202' title='bbox 497 3596 594 3664; x_wconf 84' lang='lat' dir='ltr'>Diod.</span> <span class='ocrx_word' id='word_1_203' title='bbox 618 3596 683 3665; x_wconf 80' lang='lat' dir='ltr'>sic.</span> <span class='ocrx_word' id='word_1_204' title='bbox 700 3596 758 3667; x_wconf 80' lang='lat' dir='ltr'>IV.</span> <span class='ocrx_word' id='word_1_205' title='bbox 779 3596 832 3664; x_wconf 75' lang='lat'>27.</span> <span class='ocrx_word' id='word_1_206' title='bbox 860 3598 970 3665; x_wconf 84' lang='lat' dir='ltr'>Varro</span> <span class='ocrx_word' id='word_1_207' title='bbox 995 3597 1036 3661; x_wconf 89' lang='lat' dir='ltr'>de</span> <span class='ocrx_word' id='word_1_208' title='bbox 1055 3597 1097 3662; x_wconf 81' lang='lat' dir='ltr'>R.</span> <span class='ocrx_word' id='word_1_209' title='bbox 1124 3594 1164 3662; x_wconf 85' lang='lat' dir='ltr'>R.</span> <span class='ocrx_word' id='word_1_210' title='bbox 1190 3592 1289 3662; x_wconf 84' lang='lat'>11.1.</span> <span class='ocrx_word' id='word_1_211' title='bbox 1311 3598 1343 3662; x_wconf 74' lang='lat' dir='ltr'>d.</span> 
     </span>
     <span class='ocr_line' id='line_1_26' title="bbox 213 3710 1345 3799; baseline 0.001 -24"><span class='ocrx_word' id='word_1_212' title='bbox 213 3710 371 3798; x_wconf 83' lang='lat' dir='ltr'>Palaeph.</span> <span class='ocrx_word' id='word_1_213' title='bbox 391 3712 431 3777; x_wconf 89' lang='lat' dir='ltr'>de</span> <span class='ocrx_word' id='word_1_214' title='bbox 446 3713 573 3778; x_wconf 77' lang='lat' dir='ltr'>Incred.</span> <span class='ocrx_word' id='word_1_215' title='bbox 597 3715 659 3779; x_wconf 78' lang='lat'>19..</span> <span class='ocrx_word' id='word_1_216' title='bbox 698 3711 853 3799; x_wconf 85' lang='lat' dir='ltr'>Plerique</span> <span class='ocrx_word' id='word_1_217' title='bbox 871 3723 985 3776; x_wconf 83' lang='lat' dir='ltr'>tamen</span> <span class='ocrx_word' id='word_1_218' title='bbox 1009 3730 1110 3798; x_wconf 87' lang='lat' dir='ltr'>poma</span> <span class='ocrx_word' id='word_1_219' title='bbox 1129 3710 1345 3799; x_wconf 80' lang='lat' dir='ltr'>interpretati</span> 
     </span>
     <span class='ocr_line' id='line_1_27' title="bbox 216 3824 1342 3914; baseline 0.004 -28"><span class='ocrx_word' id='word_1_220' title='bbox 216 3828 305 3903; x_wconf 79' lang='lat' dir='ltr'>sunt,</span> <span class='ocrx_word' id='word_1_221' title='bbox 319 3847 386 3912; x_wconf 88' lang='lat' dir='ltr'>quo</span> <span class='ocrx_word' id='word_1_222' title='bbox 407 3826 536 3893; x_wconf 84' lang='lat' dir='ltr'>ducunt</span> <span class='ocrx_word' id='word_1_223' title='bbox 554 3826 657 3893; x_wconf 83' lang='lat' dir='ltr'>etiam</span> <span class='ocrx_word' id='word_1_224' title='bbox 666 3826 846 3893; x_wconf 87' lang='lat' dir='ltr'>memorati</span> <span class='ocrx_word' id='word_1_225' title='bbox 863 3825 988 3914; x_wconf 85' lang='lat' dir='ltr'>passim</span> <span class='ocrx_word' id='word_1_226' title='bbox 1005 3824 1099 3890; x_wconf 84' lang='lat' dir='ltr'>horti</span> <span class='ocrx_word' id='word_1_227' title='bbox 1111 3824 1342 3912; x_wconf 87' lang='lat' dir='ltr'>Hesperidum.</span> 
     </span>
     <span class='ocr_line' id='line_1_28' title="bbox 165 3930 1344 4028; baseline 0 -26"><span class='ocrx_word' id='word_1_228' title='bbox 165 3984 170 3991; x_wconf 82' lang='grc'><strong>-</strong></span> <span class='ocrx_word' id='word_1_229' title='bbox 218 3935 319 4003; x_wconf 85' lang='lat' dir='ltr'>Conf.</span> <span class='ocrx_word' id='word_1_230' title='bbox 345 3939 548 4028; x_wconf 87' lang='lat' dir='ltr'>Pherecydes</span> <span class='ocrx_word' id='word_1_231' title='bbox 572 3941 662 4028; x_wconf 90' lang='lat' dir='ltr'>apud</span> <span class='ocrx_word' id='word_1_232' title='bbox 691 3938 860 4006; x_wconf 84' lang='lat' dir='ltr'>Eratostb.</span> <span class='ocrx_word' id='word_1_233' title='bbox 884 3961 912 4006; x_wconf 91' lang='lat' dir='ltr'>c.</span> <span class='ocrx_word' id='word_1_234' title='bbox 943 3942 976 4004; x_wconf 82' lang='lat'>3.</span> <span class='ocrx_word' id='word_1_235' title='bbox 1031 3937 1144 4023; x_wconf 89' lang='lat' dir='ltr'>Itaque</span> <span class='ocrx_word' id='word_1_236' title='bbox 1166 3930 1289 4027; x_wconf 60' lang='grc' dir='ltr'><em>καρπὸν</em></span> <span class='ocrx_word' id='word_1_237' title='bbox 1311 3963 1344 4005; x_wconf 86' lang='lat' dir='ltr'>v.</span> 
     </span>
     <span class='ocr_line' id='line_1_29' title="bbox 217 4034 1344 4141; baseline 0.004 -30"><span class='ocrx_word' id='word_1_238' title='bbox 217 4044 293 4118; x_wconf 77' lang='lat'><strong>216.</strong></span> <span class='ocrx_word' id='word_1_239' title='bbox 327 4034 397 4140; x_wconf 74' lang='lat' dir='ltr'>ipss</span> <span class='ocrx_word' id='word_1_240' title='bbox 428 4054 509 4119; x_wconf 87' lang='lat' dir='ltr'>haec</span> <span class='ocrx_word' id='word_1_241' title='bbox 531 4047 624 4137; x_wconf 68' lang='grc' dir='ltr'>μῆλα</span> <span class='ocrx_word' id='word_1_242' title='bbox 645 4052 826 4139; x_wconf 87' lang='lat' dir='ltr'>intelligas.</span> <span class='ocrx_word' id='word_1_243' title='bbox 870 4046 1018 4117; x_wconf 88' lang='lat' dir='ltr'>Diodoro</span> <span class='ocrx_word' id='word_1_244' title='bbox 1050 4052 1076 4117; x_wconf 92' lang='grc'>1.</span> <span class='ocrx_word' id='word_1_245' title='bbox 1098 4076 1128 4116; x_wconf 87' lang='lat' dir='ltr'>c.</span> <span class='ocrx_word' id='word_1_246' title='bbox 1152 4050 1344 4141; x_wconf 80' lang='lat' dir='ltr'>Hesperides</span> 
     </span>
    </p>
   </div>
   <div class='ocr_carea' id='block_1_12' title="bbox 138 4164 1404 4365">
    <p class='ocr_par' dir='ltr' id='par_1_12' title="bbox 138 4164 1404 4365">
     <span class='ocr_line' id='line_1_30' title="bbox 217 4164 1404 4268; baseline 0.003 -43"><span class='ocrx_word' id='word_1_247' title='bbox 217 4175 295 4227; x_wconf 89' lang='lat' dir='ltr'>sunt</span> <span class='ocrx_word' id='word_1_248' title='bbox 313 4164 459 4232; x_wconf 88' lang='lat' dir='ltr'>Atlantis</span> <span class='ocrx_word' id='word_1_249' title='bbox 479 4166 579 4234; x_wconf 86' lang='lat' dir='ltr'>filiae.</span> <span class='ocrx_word' id='word_1_250' title='bbox 611 4164 768 4231; x_wconf 89' lang='lat' dir='ltr'>Aliorum</span> <span class='ocrx_word' id='word_1_251' title='bbox 798 4165 1000 4230; x_wconf 83' lang='lat' dir='ltr'>variationes</span> <span class='ocrx_word' id='word_1_252' title='bbox 1026 4166 1078 4229; x_wconf 77' lang='lat' dir='ltr'>vel</span> <span class='ocrx_word' id='word_1_253' title='bbox 1106 4187 1233 4268; x_wconf 64' lang='lat' dir='ltr'>errores</span> <span class='ocrx_word' id='word_1_254' title='bbox 1250 4176 1344 4232; x_wconf 88' lang='lat' dir='ltr'>notat</span> <span class='ocrx_word' id='word_1_255' title='bbox 1398 4202 1404 4213; x_wconf 91' lang='lat'><strong>·</strong></span> 
     </span>
     <span class='ocr_line' id='line_1_31' title="bbox 138 4274 1119 4365; baseline -0.001 -22"><span class='ocrx_word' id='word_1_256' title='bbox 138 4334 141 4343; x_wconf 92' lang='lat'><em>.</em></span> <span class='ocrx_word' id='word_1_257' title='bbox 219 4274 368 4364; x_wconf 85' lang='lat' dir='ltr'>Heynius</span> <span class='ocrx_word' id='word_1_258' title='bbox 389 4278 527 4347; x_wconf 73' lang='lat' dir='ltr'>observ.</span> <span class='ocrx_word' id='word_1_259' title='bbox 547 4280 587 4343; x_wconf 87' lang='lat' dir='ltr'>ad</span> <span class='ocrx_word' id='word_1_260' title='bbox 608 4277 765 4365; x_wconf 81' lang='lat' dir='ltr'>Apollod.</span> <span class='ocrx_word' id='word_1_261' title='bbox 785 4276 828 4345; x_wconf 93' lang='grc' dir='ltr'>ΙΙ.</span> <span class='ocrx_word' id='word_1_262' title='bbox 850 4277 893 4343; x_wconf 66' lang='lat' dir='ltr'>V,</span> <span class='ocrx_word' id='word_1_263' title='bbox 916 4279 968 4342; x_wconf 82' lang='lat'>11.</span> <span class='ocrx_word' id='word_1_264' title='bbox 987 4299 1021 4363; x_wconf 87' lang='lat' dir='ltr'>p.</span> <span class='ocrx_word' id='word_1_265' title='bbox 1045 4278 1119 4342; x_wconf 87' lang='lat'><strong>170.</strong></span> 
     </span>
    </p>
   </div>
   <div class='ocr_carea' id='block_1_13' title="bbox 0 0 1488 5209">
    <p class='ocr_par' dir='ltr' id='par_1_13' title="bbox 0 0 1488 5209">
     <span class='ocr_line' id='line_1_32' title="bbox 0 0 1488 5209; baseline 0 0"><span class='ocrx_word' id='word_1_266' title='bbox 0 0 1488 5209; x_wconf 95' lang='lat' dir='ltr'> </span> 
     </span>
    </p>
   </div>
  </div>
 </body>
</html>
