2967 5209
530 518 561 564 ιιι
587 518 711 572 ιιιιιοιιι
736 501 954 572 iarodorna.
1222 502 1290 578 131
1364 467 1372 488 .

166 698 289 774 quarta
314 700 427 758 autem
449 689 624 779 Hymnus,
646 715 713 781 quo
726 661 938 781 potca‘soom
956 694 996 760 de
1013 693 1214 785 Theogoniu,
1237 704 1293 768 rel

165 800 263 868 aliud
284 800 492 888 huiusmodi,
509 826 644 874 carmen
662 805 798 896 epicum
814 807 1037 876 concluderet.
1063 808 1178 898 Itaque
1189 812 1293 880 etiam

69 983 78 996 ,
164 910 315 986 Mullero
343 926 432 980 certe
455 915 574 983 clarum
602 917 781 999 nonfuit,
810 918 933 987 habere
961 944 1022 988 nos
1048 922 1088 989 in
1119 925 1294 1012 prooemio

163 1024 344 1094 coniuncta
364 1027 403 1096 in
414 1050 522 1095 unum
540 1029 732 1100 diversorum
752 1032 981 1121 rhapsodorum
997 1035 1147 1104 exordia.
1158 1036 1293 1104 Veteri·

163 1134 230 1204 bus
248 1159 379 1226 quoque
395 1141 495 1208 aliter
514 1142 626 1212 visum
649 1165 716 1211 esse
734 1155 873 1216 constat,
920 1143 1146 1216 Alexandrini
1168 1148 1293 1218 Gram-
1360 1127 1362 1132 ,

163 1249 297 1336 matini,
316 1275 427 1322 uuum
450 1253 659 1344 alterumque
678 1278 815 1326 versum
836 1255 934 1336 obelo
955 1269 1124 1339 notantes,
1149 1262 1227 1330 sads
1253 1283 1292 1327 ao

163 1360 237 1450 ipso
260 1362 509 1453 significarunt,
531 1367 662 1455 reliqua
681 1392 715 1436 se
733 1368 883 1438 tribuere
903 1369 1055 1440 Hesiodo.
1081 1371 1180 1463 (Vide
1200 1372 1293 1440 infra

163 1475 206 1541 aa
234 1497 267 1544 v.
291 1478 352 1556 ao,
386 1467 473 1559 ιιι.
497 1481 572 1547 115.
605 1480 704 1550 conf.
724 1494 759 1552 et
777 1480 891 1550 schor.
915 1465 958 1550 la
978 1508 1011 1553 v.
1034 1483 1105 1573 ss.)
1136 1486 1292 1554 ramum

163 1590 331 1676 prooemii
356 1614 492 1658 versum
523 1593 595 1681 ipse
618 1592 831 1663 Hermanuus
858 1593 902 1660 ob
932 1595 1060 1664 Lucilii
1084 1598 1292 1686 epigramma

162 1702 204 1770 A.
229 1701 264 1772 P.
286 1703 345 1770 IX.
372 1706 447 1774 672.
477 1704 718 1774 dixit'Heoiodr'
738 1714 864 1771 narciae
880 1721 1050 1776 sacratum.
1099 1711 1180 1790 Res,
1203 1710 1289 1790 loci,

55 1843 66 1856 ·
163 1837 293 1895 versus,
315 1826 353 1884 ut
372 1817 522 1895 Hesiodi,
538 1818 728 1907 complures
749 1840 794 1886 ex
815 1817 880 1884 hoc
902 1820 1075 1908 prooemio
1098 1842 1292 1896 memoran-

161 1937 221 1994 tur
250 1927 293 1996 ab
318 1928 465 2016 antiquis
489 1927 733 2018 scriptoribus,
758 1952 903 2017 quorum
925 1932 1118 2002 testimonia
1136 1958 1196 2004 suo
1218 1936 1292 2004 loco

162 2062 380 2129 apponemus,
411 2040 522 2128 Neque
545 2042 772 2110 recentiorum
791 2041 998 2114 Critioorum
1015 2048 1136 2114 multis
1153 2046 1294 2136 probata

161 2150 232 2224 fuit
245 2147 318 2220 'illa
337 2152 481 2241 Guyeti,
505 2153 630 2220 morosi
651 2153 818 2231 hominis,
843 2165 884 2220 ut
909 2154 976 2242 ipsi
993 2154 1127 2227 Wolfio
1147 2159 1291 2240 dicitur,

159 2266 334 2334 sententia.
379 2266 465 2332 Nam
486 2286 592 2352 nsque
610 2264 778 2353 Heynius,
797 2271 848 2329 cut
866 2265 992 2351 difficile
1011 2268 1098 2336 dictu
1117 2270 1290 2351 videbatur,

1 2366 2 2381 ¹
114 2421 119 2432 ·
160 2379 240 2466 quid
258 2379 412 2456 Hesiodo,
441 2378 520 2467 quid
547 2376 716 2465 rlaopsodn
742 2376 908 2453 debeatur,
943 2387 1055 2443 totum
1076 2381 1292 2480 prooemium

160 2488 303 2560 Hesiodo
326 2489 547 2568 abiudicavit,
574 2512 680 2577 neque
700 2488 827 2560 Wolfii
848 2488 953 2566 dicta,
978 2512 1062 2576 quae
1078 2514 1181 2581 supra
1198 2506 1291 2568 retu-

159 2603 283 2683 limus,
317 2604 356 2672 in
379 2605 472 2670 hunc
505 2625 638 2669 sensum
666 2602 856 2691 accipienda
886 2613 982 2681 sunt,
1013 2604 1106 2690 quasi
1135 2604 1229 2672 nihil
1253 2608 1293 2674 in

159 2715 227 2786 hoo
255 2716 430 2804 prooemio
456 2715 498 2782 ab
523 2727 657 2782 auctore
683 2714 896 2804 Theogoniae
919 2714 1112 2804 profectum
1135 2716 1291 2787 affirmet.

161 2827 381 2902 Contrarium
403 2828 511 2915 liquet
527 2851 572 2894 ex
589 2828 660 2897 eius
675 2828 894 2894 annotatione
914 2829 955 2893 ad
974 2852 1030 2897 vv.
1051 2832 1214 2896 63-67.:
1240 2832 1300 2899 vi··
1339 2827 1351 2890 ἶ

158 2942 322 3028 deturque
349 2942 440 3008 idem
464 2942 647 3008 dicendum
668 2942 709 3010 de
727 2940 890 3020 Nitschio,
914 2950 1079 3006 statuente
1098 2943 1136 3007 in
1161 2943 1288 3009 Histor.

159 3052 246 3121 Crit.
271 3054 410 3122 Homeri
424 3055 516 3122 Faso.
539 3055 569 3120 1.
592 3057 622 3141 §.
642 3054 697 3122 24.
719 3077 755 3142 p.
780 3052 854 3130 126,
876 3050 979 3118 fuisse
999 3075 1018 3118 a
1035 3052 1205 3122 librorum
1220 3055 1289 3120 ool-

158 3167 342 3233 lectoribus
366 3175 456 3231 vario
475 3168 511 3232 H
514 3166 771 3232 esiodeorum
800 3187 929 3252 operum
946 3159 1115 3251 prooemia‘
1131 3165 1169 3231 in
1188 3167 1291 3233 initio

157 3279 229 3346 eius
252 3280 465 3346 ¹collectionis
490 3279 618 3368 posita,
655 3302 699 3345 ex
725 3301 791 3366 qua
822 3276 920 3344 nobis
944 3276 1136 3365 Theogonis
1161 3291 1292 3347 serrata

158 3404 216 3460 est.
242 3377 334 3480 ¹Qui
367 3392 625 3483 diligentissime
654 3392 742 3478 hanc
774 3413 848 3457 rem
884 3389 1042 3464 tractarit
1078 3390 1290 3472 wemellius

158 3529 193 3596 p.
217 3508 283 3573 366
301 3528 388 3593 seqq.
411 3506 599 3572 maximam
623 3504 791 3593 prooemii
811 3515 961 3593 partem,
990 3503 1017 3568 si
1038 3525 1104 3589 qua
1121 3502 1205 3580 alia,
1230 3527 1291 3568 an·

156 3625 332 3706 τιῃιιιζιιίιιιο
350 3619 527 3706 Hesiodoue
540 3621 672 3707 poeseos
692 3625 827 3704 tempori
844 3616 968 3681 merito
989 3614 1219 3702 assignandam
1229 3614 1289 3693 ait,

156 3752 265 3820 neque
297 3752 390 3818 posse
417 3730 598 3819 genuinam
630 3730 688 3798 illi
716 3730 883 3818 originem
912 3726 1082 3815 denegari,
1115 3725 1287 3813 quamvis,

156 3842 231 3932 ipso
258 3842 387 3921 iudice,
416 3866 486 3912 uon
511 3841 617 3909 fuerit
643 3843 707 3910 hoc
735 3842 947 3931 Theogoniae
970 3838 1204 3930 prooemium,
1231 3839 1288 3905 sed

157 3976 286 4020 cannen
306 3956 476 4035 denna,
500 3956 658 4023 universo
678 3956 871 4023 carminum
887 3953 1127 4019 Hesiodeorum
1139 3951 1285 4040 corpori,

157 4066 228 4134 sire
258 4066 300 4132 ab
320 4066 561 4138 Alexandrinis
588 4068 737 4148 criticis,
754 4069 825 4135 sive
845 4066 1045 4156 priuatam,
1068 4063 1288 4153 praefationis

156 4179 231 4244 loco
252 4181 455 4267 praefixum.
501 4181 615 4248 Postea
638 4162 820 4249 Clausenus
844 4181 882 4247 in
905 4180 1016 4246 Museo
1037 4178 1200 4244 Rhenano
1224 4178 1285 4244 111.

157 4295 189 4359 3.
215 4316 251 4384 p.
275 4296 338 4359 439
358 4317 443 4382 seqq.
466 4294 501 4360 id
522 4295 607 4384 egit,
631 4306 671 4360 ut
689 4305 801 4362 totum
821 4291 892 4360 fere
911 4292 1125 4381 prooemium
1143 4291 1285 4358 Hesiodo

583 4432 586 4438 .
901 4431 908 4444 ,
1082 4403 1107 4472 9
1125 4406 1146 4441 a
