2967 5209
863 478 873 504 .

472 540 503 590 111
531 543 653 592 seston
677 543 891 591 ranocoutu.
1180 516 1254 592 293

119 710 247 777 sectam
283 710 365 775 artis
389 712 650 780 concinnitatem
679 736 835 801 quaesere
867 737 928 780 nos
962 714 1090 781 debere.
1150 714 1249 803 Quod

120 834 237 889 autem
257 822 499 911 Goettlingius,
522 848 592 891 non
606 848 671 891 esse
689 825 771 890 haec
790 824 1134 905 Hesiodeadeclarari
1152 840 1251 917 putat

117 935 285 1002 vocabulo
309 923 511 1023 Obpuvidus,
531 961 597 1025 quo
620 939 661 1004 de
685 938 890 1027 Cyclopibus
910 939 963 1003 uti
979 942 1076 1027 poeta
1100 938 1170 1005 non
1190 962 1250 1028 po·

117 1048 246 1127 tuerit,
270 1049 397 1137 quippe
416 1072 460 1115 ex
483 1051 553 1115 eius
568 1052 742 1130 sententia,
758 1051 908 1117 versibus
921 1054 994 1118 139.
1006 1064 1039 1117 et
1052 1054 1127 1118 147.
1144 1075 1250 1118 enun-

117 1159 220 1238 tiata,
250 1162 373 1248 genitis
392 1162 529 1228 Tellure
553 1164 648 1244 sola,
667 1164 764 1229 nobis
786 1187 921 1252 operose
942 1164 1162 1230 refutandum
1182 1189 1251 1230 non

116 1271 266 1349 videtur,
293 1295 371 1338 cum
395 1296 469 1338 eam
488 1297 553 1340 esse
577 1275 710 1341 Hesiodi
727 1275 767 1342 in
784 1276 856 1341 illis
870 1276 1019 1341 versibus
1036 1278 1247 1356 sententiam,

117 1383 292 1448 neminem
314 1381 413 1449 facile
431 1408 660 1457 concessurum
681 1388 827 1453 arbitrer
847 1388 1066 1477 Goettlingio.
1104 1391 1157 1473 De,
1175 1390 1250 1456 vin·

117 1497 184 1562 ctis
206 1520 225 1560 a
252 1495 362 1562 Crono
385 1496 602 1586 Cyclopibus,
627 1499 669 1564 ab
693 1500 770 1566 Iove
788 1488 923 1580 solutis,
945 1514 1162 1568 consentanea
1187 1502 1252 1568 He·

116 1609 241 1675 'siodeis
266 1609 366 1676 habet
386 1609 499 1679 Schol.
523 1612 743 1705 adkAeschyli
766 1614 936 1681 Prometh.
959 1639 992 1681 v.
1015 1619 1111 1696 958„
1130 1616 1252 1682 citatus

121 1747 141 1789 a
166 1724 358 1790 Muetzellio
381 1747 415 1813 p.
443 1725 518 1791 481.

1148 1899 1157 1927 0

167 1975 199 2017 v.
223 1953 286 2019 507
320 1975 408 2041 seqq,
440 1967 616 2021 enarratur
645 1956 751 2045 Iapeti
781 1959 902 2045 stirps,
939 1958 1011 2046 ipsa
1040 1980 1186 2044 quoque,
1214 1969 1253 2021 ut

121 2063 264 2143 Cronus,
283 2077 535 2153 praepotentem
551 2067 639 2133 Iovis
654 2071 737 2147 vim,
755 2068 1052 2156 praevalidumque
1071 2070 1252 2134 consilium
1281 2080 1284 2083 '

121 2189 278 2265 experta,
312 2175 530 2265 quamobrem
561 2181 736 2246 commode
762 2183 861 2269 poeta
887 2180 979 2247 huno
1006 2205 1071 2248 esse
1097 2183 1127 2246 ei
1152 2181 1254 2269 stirpi

120 2292 234 2355 locum
254 2291 292 2355 in
312 2292 504 2380 Theogonis
524 2304 599 2381 post
609 2294 782 2380 superiora
796 2317 828 2360 v.
843 2295 1029 2364 492-5116.
1052 2294 1176 2361 voluit.
1200 2293 1253 2361 Ab

122 2407 235 2495 Iapeto
256 2430 359 2495 genus
382 2431 482 2473 suum
503 2408 658 2475 Hellenes
676 2409 881 2497 repetebant,
897 2412 1044 2499 populus
1058 2409 1100 2474 ab
1114 2407 1253 2497 Septen-

121 2521 233 2586 trione
251 2521 289 2585 in
305 2520 480 2586 Graeciam
494 2522 633 2602 advena,
649 2522 703 2587 sed
720 2522 882 2588 Asiaticae
896 2522 1047 2610 originis,
1059 2522 1149 2607 quod
1164 2521 1255 2608 ipsae

122 2631 254 2699 fabulae
269 2633 456 2709 llellenum⁴
466 2646 621 2723 arguunt,
638 2636 750 2699 multa
765 2633 924 2709 habentes
932 2624 1116 2721 primaevis
1131 2631 1251 2698 Orien-

122 2747 166 2811 tis
185 2747 424 2813 traditionibus
442 2749 581 2825 similia,
607 2758 657 2826 ut,
678 2770 782 2835 quam
801 2770 885 2811 mox
896 2747 1057 2812 Hesiodus
1077 2744 1193 2822 refert,
1213 2745 1255 2810 de

122 2858 249 2924 femina
280 2862 450 2924 malorum
477 2859 633 2924 omnium
668 2857 762 2923 fonte
792 2859 1002 2924 hominibus.
1038 2855 1139 2924 Conf.
1158 2842 1253 2944 Ἕργ.

123 2974 166 3037 90
185 2993 271 3059 seqq.
301 2971 453 3036 Omnino
476 2972 714 3059 pertinuerunt
736 2969 800 3034 hae
825 2967 959 3034 fabulae
978 2969 1020 3033 ad
1043 2962 1251 3055 primaevam

123 3084 265 3148 humani
285 3084 413 3171 generis
432 3084 622 3160 historiam,
638 3104 722 3169 quae
735 3104 888 3147 sermone
904 3081 1059 3168 mythico
1071 3081 1250 3145 Hellenum

124 3217 184 3284 per
200 3196 392 3283 allegoricas
412 3194 482 3260 fere
497 3195 660 3260 declarata
681 3192 751 3257 fuit
768 3216 934 3281 personas.
970 3191 1023 3258 Sic
1040 3192 1108 3258 duo
1123 3194 1252 3259 inducti

125 3307 261 3386 fratres,
293 3310 379 3375 alter
398 3309 595 3397 prudentia,
619 3308 704 3373 alter
728 3307 904 3373 scaevitate
922 3305 1079 3394 insignis3
1107 3309 1253 3373 transla-

125 3422 231 3509 tisque
249 3422 288 3486 in
312 3420 485 3487 Graeciam
507 3421 732 3509 lapetidarurn
752 3418 884 3507 mythis
903 3420 1041 3485 nomina
1063 3420 1117 3485 his
1133 3419 1251 3485 fratri·

124 3535 185 3599 bus
213 3534 256 3599 ab
285 3557 322 3599 re
342 3533 427 3600 facta
454 3547 534 3600 sunt
560 3534 702 3613 Graeca,
736 3534 954 3601 Prometheus
970 3546 1003 3599 et
1021 3535 1250 3623 Epimetheus.

127 3648 176 3713 Ab
194 3649 258 3713 illo
277 3647 390 3735 ignem
409 3649 599 3727 inventum,
622 3651 754 3734 aliaque
775 3648 1069 3713 bonahominibus
1085 3660 1158 3713 orta
1176 3671 1251 3735 per·

127 3761 302 3841 hibebant3
326 3773 486 3839 ceterum,
499 3764 679 3849 quominus
697 3762 735 3825 hi
748 3763 889 3849 plenum
911 3762 989 3826 inde
1008 3760 1161 3826 fructum
1175 3783 1254 3849 per·

126 3873 292 3962 ciperent,
317 3874 520 3961 Epimethei,
545 3872 708 3939 seminam
731 3873 934 3961 recipientis,
960 3873 1105 3938 stultitia
1125 3872 1250 3937 factum

15 4054 18 4061 ,
127 4009 200 4052 esse.
248 3986 312 4052 Sed
335 3999 467 4075 praeter
489 3987 726 4053 Prometheum
746 3985 943 4053 Hellenibus
960 3986 1004 4051 ob
1022 3987 1144 4051 merita
1162 3989 1250 4052 cele-

128 4099 284 4164 brabatur
312 4123 330 4164 e
360 4099 515 4188 mythica
547 4110 652 4165 aetate
683 4101 787 4179 alter,
821 4097 862 4163 ab
895 4096 1055 4164 indefessa
1087 4099 1251 4165 industria

128 4212 249 4278 Graeco
272 4213 410 4278 nomine
433 4214 527 4279 Atlas
547 4213 665 4278 dictus.
700 4213 763 4279 Hic
784 4211 962 4277 oum'item
978 4211 1136 4290 inventis,
1159 4229 1255 4302 prae*

127 4325 252 4403 sertim,
278 4338 311 4391 111
340 4327 482 4405 videtur,
508 4324 709 4392 astronomia
733 4337 765 4390 et
791 4325 967 4411 navigandi
984 4337 1052 4390 arto
1067 4326 1176 4390 clarus
1191 4349 1252 4391 ex-
