2967 5209
464 517 497 563 ιιι
522 516 647 566 assion
669 492 888 567 rnnoaonnu.
1176 489 1246 563 361

125 688 216 754 band
234 710 309 754 sane
327 687 470 755 absurda
491 689 727 778 interpretatio
755 703 824 770 est,
850 714 870 756 a
893 688 1052 757 Cicerone
1074 690 1115 756 de
1147 689 1188 757 N.
1209 691 1250 758 D.
1289 700 1292 705 '

127 802 173 871 II.
203 803 255 869 26.
278 801 419 887 aliisque
440 802 593 889 prodita,
617 825 682 890 qua
709 802 864 871 Cererem
892 802 1031 868 eandem
1059 824 1097 868 ae
1125 815 1252 868 terram

126 912 342 1002 frugiferam,
366 912 461 980 Coeli
482 914 650 980 imbribus
669 913 901 995 fecundatam,
926 914 1035 980 filiam
1055 927 1168 980 autem
1190 914 1252 983 Ce-
1292 990 1296 1011 .

124 1027 218 1105 reris,
242 1050 261 1091 a
282 1026 360 1092 Dite
387 1038 537 1114 raptam,
560 1025 699 1117 frugum
717 1051 831 1094 semen
852 1051 918 1094 esse
937 1028 1061 1095 volunt
1079 1027 1142 1093 sub
1164 1036 1254 1093 terra
1384 1018 1386 1022 ¹

123 1138 358 1205 absconditum
380 1137 493 1226 (Conf.
509 1121 607 1228 '‘Epy.
630 1163 664 1207 v.
679 1142 755 1211 465.
768 1139 810 1208 H.
830 1141 932 1207 Hem.
951 1130 990 1206 in
1008 1130 1083 1208 Cer.
1104 1137 1252 1228 v.400.),
1287 1114 1293 1128 ¹

124 1249 316 1318 faventibus
331 1250 414 1316 huic
433 1251 708 1340 interpretationi
728 1251 860 1319 Latinis
877 1254 1024 1319 Deorum
1040 1253 1253 1319 nominibus:

124 1374 274 1428 attamen
302 1362 442 1431 Hesiodo
470 1376 559 1430 certe
587 1353 740 1453 Δημήτηρ
773 1365 945 1432 diversum
976 1365 1133 1431 habitum
1161 1378 1256 1432 esta

125 1478 230 1544 Terra
252 1499 393 1558 numen,
412 1477 612 1567 videturque
634 1479 715 1545 haec
736 1479 804 1544 Dea
819 1479 935 1566 potius
952 1479 993 1546 ab
1014 1478 1162 1546 inventis
1180 1477 1276 1545 fru··

70 1617 73 1622 ·
124 1589 221 1678 gibus
253 1602 423 1657 ostensore
453 1613 569 1656 earum
600 1614 664 1657 usu
694 1592 786 1658 dicta
814 1613 880 1657 esse
908 1582 993 1672 Anio,
1016 1603 1184 1658 contracte
1205 1584 1256 1667 Δῆ

126 1701 230 1790 (unde
248 1701 441 1768 Siculorum
462 1702 698 1768 iusiurandum
720 1696 759 1767 οὐ
779 1691 854 1788 duis)
877 1703 962 1768 item
976 1691 1143 1791 Δημήτηρ,
1156 1726 1257 1790 quam
1310 1767 1314 1785 ,

123 1813 171 1880 sie
192 1815 367 1881 nominata
389 1837 455 1881 esse
480 1837 543 1904 pro
565 1810 612 1897 Γῆ
635 1805 754 1904 μητηρ,
775 1839 852 1882 casu
876 1816 1058 1883 immutata
1076 1816 1189 1906 prima
1210 1816 1259 1881 li-

124 1938 208 1996 tera.
252 1927 351 1994 Dicta
381 1937 494 1992 autem
523 1915 628 2016 μήτηρ
657 1939 809 2016 respectu
830 1919 934 2015 κόρης,
956 1927 1066 2007 filiae,
1082 1951 1167 2016 quae
1181 1927 1259 1995 lore

39 2064 43 2073 ’
74 2047 79 2058 “
125 2063 163 2106 ac
194 2039 314 2107 Cerere
343 2051 442 2106 natae
470 2039 568 2129 prior
596 2039 828 2107 denominatio
858 2038 956 2122 fuit.
985 2038 1132 2128 Coniugi
1152 2039 1283 2106 factae

126 2150 321 2219 Inferorum
339 2153 427 2242 regis
441 2153 620 2219 convenire
640 2152 779 2218 demum
798 2153 904 2218 altera
917 2152 1031 2241 potuit
1041 2143 1259 2239 Περσεφόνης,

125 2287 246 2352 quam,
265 2266 294 2331 si
317 2265 515 2332 Pausaniam
543 2265 656 2331 audias
679 2256 773 2333 Vlll.
800 2266 869 2343 3⁷,
897 2274 974 2331 ante
1004 2264 1191 2330 Homerum
1213 2263 1262 2354 (et

126 2378 323 2469 Hesiodum)
347 2379 380 2446 ei
399 2377 569 2468 Pamphus
588 2378 724 2445 tribuit.

169 2606 315 2677 Versum
338 2606 404 2674 912
432 2627 511 2671 cum
545 2604 717 2694 principio
742 2603 857 2672 versus
888 2588 973 2685 911,
999 2615 1039 2669 ut
1064 2602 1199 2669 Hesiodi
1222 2604 1261 2670 in

125 2719 339 2807 Theogonis,
363 2719 447 2785 citat
462 2719 581 2806 Etym.
600 2717 647 2786 M.
664 2740 699 2806 p.
723 2718 777 2783 41.
801 2719 856 2783 51.
902 2718 979 2784 Esse
996 2717 1180 2782 secundum
1196 2717 1261 2783 He-

125 2830 260 2896 siodum
279 2829 368 2897 Iovis
389 2852 427 2896 ac
448 2828 579 2897 Cereris
597 2829 706 2897 filiam
728 2828 976 2918 Proserpinam,
989 2829 1107 2898 scribit
1125 2828 1262 2898 Servius
1310 2888 1313 2893 .

114 2943 171 3011 „ad
192 2942 275 3011 Aen.
300 2942 360 3012 IV.
385 2943 461 3009 511.
1369 2926 1378 2943 '

174 3189 231 3236 vv.
259 3156 455 3237 als-9171
482 3169 537 3234 Ex
551 3167 645 3235 'love
676 3179 710 3232 et
740 3166 960 3256 Mnemosyne
989 3187 1110 3234 novem
1136 3165 1260 3233 Musae.

129 3277 231 3346 Conf.
253 3301 355 3368 supra
377 3281 467 3347 dicta
492 3280 533 3346 ad
555 3303 589 3347 v.
619 3280 662 3345 54
683 3302 772 3367 seqq.

175 3392 289 3459 Musae
312 3379 576 3484 χρυσάμπυκες,
597 3415 697 3456 aurea
722 3401 802 3458 vitta
821 3391 1003 3472 redimitae,
1026 3403 1068 3458 ut
1089 3392 1146 3458 hic
1167 3393 1206 3458 in
1227 3418 1262 3461 v.

129 3509 222 3588 ele,
244 3505 407 3573 dicuntur
428 3508 532 3574 etiam
554 3529 574 3572 a
596 3505 742 3573 Pindaro
759 3505 861 3594 Pyth.
876 3506 1215 3575 111.158.lsthm.11.
1229 3509 1262 3574 2.

174 3755 232 3804 vv.
256 3735 445 3804 ete-920.
469 3736 547 3802 Iove
567 3747 601 3802 et
623 3737 751 3803 Latona
775 3735 904 3824 genitos
924 3735 1122 3823 Apollinem
1139 3745 1173 3800 et
1198 3734 1265 3801 Ar·

131 3848 240 3913 tamin
259 3851 360 3936 poeta
376 3849 615 3914 convenienter
637 3859 865 3936 receptaesua
885 3858 991 3914 aetate
1012 3846 1172 3935 religioni
1191 3858 1273 3913 tra··
1396 3891 1400 3923 .

130 3960 231 4026 didit.
255 3959 355 4027 Conf.
377 3961 477 4027 Hom.
497 3960 540 4026 ll.
559 3962 599 4028 A.
621 3964 652 4028 9.
675 3959 714 4027 Φ.
739 3962 815 4027 499.
837 3961 914 4027 506.
934 3957 999 4028 Od.
1020 3959 1057 4025 Z.
1081 3961 1157 4026 106.
1179 3959 1264 4026 Eam

131 4072 333 4160 religionem
361 4096 380 4138 a
401 4072 628 4160 septentrione
651 4073 689 4141 in
716 4072 891 4140 Graeciam
915 4072 1043 4140 venisse
1062 4072 1200 4160 colligas
1221 4096 1264 4139 ex

133 4184 257 4253 Herod.
278 4181 336 4254 lv.
359 4189 413 4253 33.
437 4185 575 4253 Gallim.
595 4186 637 4253 H.
662 4186 700 4251 in
722 4187 798 4254 Del.
821 4186 884 4251 291
909 4207 996 4274 seqq.
1017 4184 1088 4253 Cic.
1108 4186 1151 4250 de
1167 4186 1207 4252 N.
1223 4187 1264 4253 D.

16 4354 18 4361 .
135 4297 196 4365 111.
219 4299 274 4367 23.
298 4299 435 4368 Pausan.
452 4300 494 4369 X.
511 4299 554 4370 V.
576 4300 607 4369 4.
632 4298 725 4390 Quae
744 4321 824 4369 vero
843 4297 985 4366 numina
1001 4297 1069 4377 illi,
1083 4298 1172 4388 apud
1186 4296 1267 4386 quos
1372 4285 1376 4294 ⁸
