2967 5209
152 556 155 564 ·
220 520 293 595 390
660 540 902 590 ocumanius

220 721 273 785 vel
300 716 522 805 negligentius
542 736 640 780 usum
661 713 857 779 Pausaniam
877 707 1012 778 Hesiodi
1036 710 1248 786 testimonio,
1262 728 1346 774 cum

217 854 286 897 non
308 839 389 895 esset
406 828 447 893 ab
467 829 539 894 eius
553 828 695 894 lectione
714 848 845 904 recens,
866 825 954 890 uude
969 845 1081 890 errare
1098 822 1201 888 etiam
1222 833 1348 910 potue-

216 946 265 1010 rit
285 943 503 1009 incitatione
527 940 706 1010 Carminis.
755 939 853 1008 Certe
880 939 921 1004 ad
950 938 1042 1003 hunc
1070 938 1184 1002 locum
1207 935 1345 1023 potius,

216 1057 276 1123 ubi
299 1057 371 1123 nati
388 1079 406 1122 e
431 1055 559 1122 Deabus
582 1068 615 1121 et
636 1056 729 1123 Viris
752 1052 953 1119 mortalibus
971 1063 1222 1130 memorantur,
1240 1070 1347 1136 quam

105 1180 110 1197 ‘
217 1173 258 1237 ad
277 1170 422 1238 Carmen
445 1169 486 1234 de
505 1168 716 1246 Mulieribus,
738 1166 939 1256 pertinuisse
958 1165 1039 1231 haec
1053 1165 1095 1230 de
1113 1174 1193 1229 nato
1208 1185 1252 1228 ex
1273 1160 1347 1227 Au·

214 1306 291 1349 rora
307 1295 341 1349 et
365 1282 515 1371 Cephalo
531 1283 740 1348 Phaithonte
760 1280 919 1347 censenda
936 1291 1026 1346 sunt.
1050 1275 1150 1346 conf.
1172 1276 1344 1343 Muetnell.

214 1420 249 1485 p.
277 1398 341 1462 too
363 1417 427 1482 seq.

259 1646 315 1689 vv.
331 1616 540 1690 992-1002.
563 1622 591 1688 E
610 1621 734 1699 Medea,
757 1622 876 1688 Aeetae
893 1620 977 1698 filia,
1000 1616 1087 1683 Solis
1105 1616 1201 1704 nepti
1215 1614 1263 1703 (v.
1277 1616 1345 1680 958

214 1733 332 1820 seqq.),
368 1745 402 1797 et
434 1733 547 1797 Iasone
569 1732 719 1810 Medeus,
751 1755 850 1818 quem
874 1731 1005 1797 Chiron
1027 1729 1190 1795 educavit.
1236 1727 1346 1792 Huius

214 1845 381 1912 occasione
403 1843 611 1932 genealogiae
630 1855 841 1910 memoratur
854 1843 963 1908 obiter
980 1842 1114 1930 magni,
1137 1842 1192 1906 sed
1210 1841 1345 1927 impor-

215 1959 290 2022 tuni
312 1956 417 2044 regis,
441 1955 566 2033 Peliae,
591 1955 763 2044 superbia,
787 1956 943 2042 iussuque
964 1954 1035 2020 eius
1057 1963 1204 2041 suscepta
1231 1952 1345 2040 Argo-

214 2080 396 2136 nautarum
427 2068 616 2156 expeditio,
646 2091 712 2154 qua
735 2065 881 2146 factum,
906 2078 945 2131 ut
966 2066 1081 2133 Medea
1102 2067 1141 2131 in
1169 2064 1344 2130 Graeciam

213 2182 442 2249 abduceretur.
488 2180 632 2248 Vberius
663 2191 776 2245 actum
798 2182 839 2246 de
861 2179 1076 2268 expeditione
1096 2179 1160 2244 illa
1184 2176 1287 2242 fuisse
1306 2178 1343 2241 in

214 2294 390 2382 Catalogis,
413 2294 590 2379 complura
609 2304 758 2380 arguunt
778 2303 907 2358 servata
922 2291 1001 2367 inde
1020 2288 1219 2378 fragmenta.
1244 2289 1344 2377 Apud

214 2387 400 2471 Homerum
433 2403 584 2482 Medeae,
616 2405 703 2490 quod
737 2403 888 2483 mireris,
923 2404 1052 2468 mentio
1085 2405 1183 2468 nulla
1213 2414 1341 2480 exstat,

213 2516 368 2604 quamvis
389 2516 557 2582 invitante
579 2508 704 2587 νεκυῖας
726 2528 941 2605 argumente,
964 2516 1032 2581 nisi
1050 2517 1113 2582 ille
1129 2537 1263 2604 quoque
1275 2516 1343 2580 im·

213 2630 394 2695 mortalem
428 2628 578 2693 Medeam
603 2630 749 2695 'credidit
779 2654 858 2695 cum
882 2630 1022 2695 Hesiodo
1046 2629 1161 2717 (conf.
1186 2653 1282 2719 supra
1305 2653 1338 2695 v.

213 2742 279 2808 965
299 2737 415 2827 seqq.),
441 2751 481 2803 ut
501 2741 718 2807 c1ediderunt
742 2745 845 2809 etiam
865 2744 1028 2819 Pindarus
1048 2743 1084 2811 P.
1107 2744 1165 2811 lv.
1188 2748 1253 2821 18,
1281 2743 1343 2810 Al·

213 2877 330 2930 cusan,
355 2864 438 2917 teste
459 2850 643 2918 Scholiasta
669 2856 710 2919 ad
732 2877 811 2920 eum
831 2855 970 2921 Pindari
990 2858 1103 2921 locum
1122 2868 1157 2922 et
1175 2857 1342 2934 Musaeus,

213 2979 295 3033 teste
319 2964 503 3032 Scholiasta
521 2966 562 3031 ad
586 2967 761 3055 Euripidis
786 2969 936 3034 Medeam
956 2992 988 3034 v,
1014 2974 1046 3035 9.
1094 2970 1194 3035 Navis
1207 2970 1343 3056 quidem

214 3078 321 3168 &giis
359 3089 393 3144 et
429 3077 554 3143 Iasonis
584 3080 744 3157 meminit
776 3081 940 3147 Homerus
968 3080 1032 3149 Od.
1062 3082 1108 3148 M.
1135 3085 1209 3163 69.;
1242 3083 1344 3148 huius

212 3194 314 3260 etiam
335 3193 378 3259 Il.
403 3191 445 3258 H.
475 3190 540 3259 469
559 3214 643 3281 seq.;
668 3194 776 3259 Peliae
799 3217 944 3281 quoque,
968 3195 1023 3260 sed
1040 3194 1112 3260 sine
1125 3193 1341 3274 contumelia,

212 3305 275 3372 Od.
300 3306 342 3371 A.
368 3308 443 3372 253.
471 3309 535 3373 255
557 3329 622 3394 seq.
671 3307 770 3394 Quod
793 3308 848 3372 hic
871 3332 904 3375 r.
930 3311 1007 3375 993.
1032 3309 1180 3374 Deorum
1201 3306 1343 3373 consilio

213 3418 354 3483 abducta
384 3418 513 3497 Medea,
544 3420 697 3507 quodque
717 3443 761 3485 ex
779 3420 849 3484 eius
869 3443 948 3486 cum
973 3422 1087 3487 Iasone
1110 3422 1240 3508 nuptiis
1263 3431 1342 3485 nato

211 3515 287 3597 flua
308 3531 422 3597 uedeo
443 3530 591 3619 ursas
616 3533 705 3600 lovis
727 3535 883 3600 voluntas
901 3534 1027 3598 ascitur
1050 3534 1206 3611 moos„
1221 3533 1339 3611 nscio,

213 3667 256 3708 an
275 3644 419 3723 indicet,
445 3655 521 3707 tum
543 3645 657 3732 ignota
685 3644 826 3710 Hesiodo
845 3643 963 3723 fuisse,
993 3668 1077 3733 quae
1096 3668 1195 3734 super
1218 3643 1342 3710 Iasonis

214 3758 250 3821 in
270 3756 421 3822 Medeam
443 3756 584 3844 perfidia
605 3757 730 3845 posteri
750 3758 990 3845 prodiderunt,
1016 3769 1090 3822 tum
1109 3757 1152 3822 ab
1172 3758 1244 3845 ipso
1265 3759 1341 3822 cla·

213 3891 292 3942 rum
313 3869 474 3957 inprimis
498 3870 655 3936 habitum
678 3893 743 3937 esse
762 3871 865 3936 illum
891 3872 1014 3937 Iasonis
1029 3883 1063 3937 et
1081 3871 1212 3938 Medeae
1228 3871 1343 3937 filium

215 3981 384 4061 Medeum,
422 3983 463 4049 dc
492 4006 558 4069 quo
584 3995 708 4050 'tamen
738 3985 840 4049 ceteri
874 3996 1021 4051 auctores
1048 3996 1176 4062 tacent,
1211 3984 1342 4049 tametsi

214 4097 318 4160 nmlti
341 4095 477 4162 Medum
497 4098 629 4164 Medeae
649 4098 764 4165 filium
783 4112 974 4187 agnoscunt,
997 4100 1053 4165 sed
1075 4099 1250 4186 callegas,
1268 4108 1341 4186 post
1395 4108 1399 4123 '

214 4207 338 4274 lasonis
352 4211 546 4297 perfidiam,
571 4209 612 4276 ab
628 4211 688 4277 illa
703 4223 901 4299 susceptum,
923 4210 982 4298 qui
999 4233 1079 4276 cum
1100 4222 1210 4275 matre
1224 4208 1340 4274 deinde

211 4320 354 4390 Colchos
376 4336 406 4387 ot
432 4325 544 4391 Asiam
566 4325 778 4412 repetiverit,
813 4324 926 4412 ibique
951 4325 1116 4390 domitam
1143 4321 1184 4385 ab
1206 4343 1239 4386 se
1264 4343 1340 4407 gen·
