2967 5209
483 471 514 516 ιιι
538 470 664 521 aaaron!
688 471 902 521 mosenum
1189 439 1262 513 ³03

124 660 167 725 p.
191 640 270 706 398.
290 638 471 721 Codicum,
495 629 576 722 δῆσε
601 631 633 710 δ’
656 643 908 722 exhibentium,
925 653 1013 708 recte
1027 638 1260 705 anctoritatem
1368 724 1370 733 Ι

122 751 306 839 vituperat
324 752 467 833 idcirco,
488 748 578 842 quod
600 778 679 823 cum
699 780 736 823 v.
758 758 833 825 521.
858 755 898 821 ad
922 752 1123 843 primariam
1144 771 1260 816 name·

20 888 23 895 ⁴
123 862 237 931 tionis
255 865 514 935 continuitatem
537 869 652 936 redeat
672 870 790 949 oratio,
817 867 1054 957 intempestive
1076 864 1139 931 illa
1157 886 1201 929 ex
1221 883 1260 928 eo

115 977 309 1045 enuntiato
330 1001 417 1045 nexa
438 991 503 1060 est,
524 982 613 1069 quod
630 984 866 1050 secundarium
883 971 1018 1048 tantum
1030 990 1086 1045 ,est
1101 990 1135 1044 et
1153 998 1260 1066 prope

116 1089 371 1156 adventitium.
417 1092 456 1157 ld
485 1086 641 1181 equidem
662 1097 839 1163 concedere
861 1118 931 1163 non
949 1115 1095 1183 mesum.
1139 1089 1260 1159 Voluit

120 1205 232 1290 potita
255 1204 442 1283 ostendere,
465 1227 579 1272 omnes
598 1209 705 1297 Iapeti
727 1209 818 1274 filios
835 1228 972 1297 gravem
992 1214 1146 1293 expertos
1167 1202 1205 1266 in
1225 1222 1259 1266 se

119 1315 203 1383 vim
226 1317 329 1396 Iovis,
354 1318 591 1407 Epimethenm
612 1333 745 1410 recepta
765 1320 864 1387 abeo
881 1318 1042 1396 muliere,
1068 1316 1258 1383 multorum

115 1431 301 1499 melorum
329 1432 503 1512 effectrice,
532 1434 761 1519 Menoetium,
791 1433 989 1500 detrudente
1017 1451 1096 1497 eum
1117 1428 1157 1495 in
1178 1428 1259 1494 Ere·

117 1543 212 1609 bum
243 1541 406 1626 fulmine,
431 1546 624 1627 Atlantem,
648 1548 837 1614 necessitate
856 1547 1015 1636 imposita
1034 1544 1167 1609 coelum
1189 1563 1259 1607 sue
1298 1583 1301 1589 -

117 1656 278 1737 tinendi,
316 1658 555 1726 Prometheum
589 1659 808 1727 vinculorum
843 1670 877 1725 et
916 1658 1046 1747 aquilae
1077 1652 1255 1743 supplicio.

118 1767 435 1857 ltaque'commode
454 1784 530 1861 post
551 1795 582 1840 v.
605 1774 682 1839 520.
706 1767 827 1851 ταύτην
849 1758 919 1861 γάρ
938 1762 970 1836 cl
991 1762 1105 1858 μοῖραν
1127 1787 1159 1835 κ.
1178 1786 1209 1833 r.
1222 1767 1257 1830 λ.

112 1882 306 1950 subiicitur
328 1871 409 1961 δῆσε
424 1872 461 1951 ,δ’
475 1874 734 1972 ,ἀλυκτοπέδῃσι
756 1871 933 1973 Προμηθέα
952 1899 1006 1966 a,
1028 1903 1136 1969 neque
1149 1880 1192 1946 fit
1209 1881 1258 1946 ita

115 1995 254 2061 reditus
283 1996 324 2060 ad
344 1997 552 2084 superiorem
570 1999 612 2064 de
631 2000 796 2077 muliere,
822 1996 864 2063 ab
886 1995 1086 2084 Epimetheo
1107 1991 1256 2083 recepte,

114 2107 374 2188 narrationem,
404 2110 476 2188 sed,
516 2121 592 2198 post
621 2123 809 2177 memorata
837 2108 939 2175 huius
973 2105 1196 2194 Menoetiique
1224 2117 1258 2171 et

114 2220 275 2288 Atlantis
290 2218 378 2298 fata,
398 2220 579 2287 subiicitur
597 2223 639 2288 de
654 2221 854 2288 Prometheo
865 2217 1026 2285 narratio.
1038 2253 1083 2265 -—
1098 2213 1257 2282 Ceterum

116 2336 211 2401 male
240 2334 279 2401 in
299 2334 397 2404 var.
421 2336 528 2401 lectt.
551 2336 799 2403 Buttmannum
817 2334 909 2400 inter
928 2354 982 2399 eos
1004 2329 1173 2408 recensui,
1197 2328 1257 2416 qui

117 2468 238 2513 versus
268 2446 429 2533 quosdam
456 2447 617 2519 excidisse
638 2458 809 2535 putarent.
855 2444 983 2512 Statuit
1008 2443 1086 2522 ille,
1116 2441 1257 2507 admissa

118 2556 286 2627 Draconis
311 2559 479 2648 scripture
500 2554 614 2641 Δῆσασ
637 2547 780 2640 diest„
810 2581 949 2627 omnem
969 2556 1128 2625 dictionis
1151 2556 1257 2623 mole·

118 2671 225 2737 stiam
245 2671 336 2739 tolli.
382 2672 489 2743 Video
512 2674 615 2740 etiam
638 2672 888 2762 Goettlingium
912 2675 951 2740 in
971 2673 1077 2738 altera
1100 2669 1258 2737 Editione

118 2783 325 2850 sententiam
355 2784 397 2849 de
423 2784 588 2865 versibus,
617 2786 677 2871 qui
698 2785 906 2865 exciderint,
927 2786 982 2852 vel
1003 2783 1196 2871 reponendo
1217 2782 1257 2874 in

119 2920 154 2963 v.
182 2897 260 2962 520.
285 2887 387 2982 σφίσι
408 2919 478 2984 pro
495 2892 525 2964 ot
545 2899 584 2964 in
606 2921 639 2965 v.
662 2900 738 2966 521.
762 2884 867 2976 δῆσαι
882 2885 940 2964 tt
963 2919 1027 2985 pro
1050 2883 1132 2975 δῆσε
1148 2881 1179 2960 δ’
1197 2889 1255 2960 sa.

119 3011 160 3075 in
192 3009 310 3098 priore
338 3007 494 3081 Editione
522 3009 564 3075 ab
583 3032 617 3077 se
633 3010 822 3098 proditam,
844 3009 935 3075 haud
959 3007 1174 3096 repetendam
1194 3007 1257 3075 du·

120 3123 224 3201 xisse,
236 3120 469 3208 obsequentem
480 3122 529 3193 sic
538 3123 743 3201 Hermanno,
760 3143 896 3209 prorsus
911 3120 1123 3210 improbasti
1135 3118 1257 3189 Grem-

120 3233 331 3303 maticorum
353 3220 469 3314 δῆσσις.
491 3300 496 3308 ,
1267 3246 1269 3251 “

167 3483 202 3526 v.
232 3459 307 3527 ⁵32.
331 3448 429 3525 ταῦτ’
452 3449 517 3547 bipes
537 3447 696 3545 ἁζόμενος
716 3449 806 3545 τιμᾷ
818 3445 1014 3548 ἀριδείκετον
1024 3443 1108 3547 vles)
1131 3456 1259 3527 Omnes

121 3575 204 3643 inde
223 3596 243 3640 a
266 3573 443 3640 Basileensi
460 3574 661 3663 Interpretes
682 3566 782 3639 ταῦτ’
805 3574 845 3640 ob
863 3575 901 3640 sd
914 3575 1146 3654 reddiderunt,
1161 3573 1257 3663 quasi

121 3688 275 3775 positum
296 3686 340 3752 sit
354 3688 418 3776 p'ro
440 3675 498 3754 deit
522 3686 643 3754 reite.
675 3690 777 3756 Recte
792 3699 905 3755 autem
918 3686 1130 3754 Muetzellius
1145 3708 1181 3774 p·
1199 3689 1254 3755 90.

121 3799 213 3869 hanc
237 3798 339 3868 fuisse
368 3822 439 3868 non
462 3801 646 3889 Epicurum
669 3800 737 3880 eit,
759 3800 814 3866 sed
834 3800 1026 3867 Atticorum
1042 3798 1257 3865 consuetudi·

122 3935 214 3981 nem.
262 3914 408 3982 Videtur
425 3915 496 4003 ipse
518 3911 629 3979 reite
650 3913 860 4003 iungendum
879 3911 1040 3979 censuisse
1054 3933 1134 3978 cum
1154 3900 1255 3998 τιμᾶ,

123 4035 165 4091 ut
187 4016 347 4112 ἁζόμενος
373 4026 494 4095 deinde
517 4028 645 4117 pariter
673 4039 780 4116 atque.
795 4025 886 4092 illud
909 4026 951 4092 ad
972 4009 1170 4113 δριδεδκετον
1189 4008 1256 4091 clo

90 4154 93 4163 ⁴
123 4138 301 4226 pertineat
348 4141 472 4209 Reddit
494 4140 636 4208 scilicet:
661 4153 784 4207 tantum
803 4151 905 4229 gnato
921 4138 1045 4227 Iupiter
1065 4137 1174 4203 tributt
1194 4136 1254 4205 lto-

125 4270 254 4331 norem,
271 4255 407 4343 plurimi
425 4253 514 4322 illum
534 4262 717 4321 assumam.
756 4251 878 4323 Malim
894 4251 1067 4342 equidemt
1084 4259 1206 4341 pictate
1220 4260 1264 4317 ta·
