2967 5209
220 629 222 635 .
272 543 345 617 200
708 570 948 618 conrssranvs

272 751 417 828 recepta,
442 753 482 805 ut
508 739 755 828 Polyphemum
781 740 964 829 Cyclopem
993 741 1179 804 unoculum
1202 739 1381 807 11111111Ηο-

270 874 383 917 merus
414 852 513 917 aliter
541 874 641 940 quarn
667 854 859 918 narratione
886 853 928 918 de
950 863 1120 924 excaecato
1141 853 1207 917 illo
1228 853 1383 918 declarare

269 964 362 1030 nihil
382 987 466 1052 opus
485 987 549 1030 esse
567 965 714 1031 duxerit.
740 962 839 1031 Conf.
856 964 974 1030 Accius
988 965 1075 1053 apud
1094 963 1250 1030 Gellium
1264 965 1380 1031 111.11.

270 1076 360 1164 Quid
380 1088 492 1169 autem
513 1089 627 1142 ortum
649 1075 782 1143 fabulae
796 1077 938 1155 dederit,
953 1076 1122 1141 incertum
1137 1089 1198 1143 est.
1224 1080 1382 1157 Attamen,

268 1202 308 1254 ut
327 1191 542 1278 Empedocles
554 1212 586 1257 v.
599 1192 675 1255 281.
700 1184 853 1254 stalera
877 1184 987 1277 κούρην
1008 1190 1099 1253 dixit
1112 1190 1287 1277 pupillam
1303 1189 1382 1255 oculi

266 1301 464 1397 rotundam,
500 1300 547 1364 sic
576 1300 683 1365 videri
717 1322 847 1387 quoque
875 1311 1014 1386 possunt
1043 1300 1213 1387 appellatir
1240 1301 1381 1387 primum

268 1412 432 1501 Cyclopes
446 1410 564 1491 fuisse,
584 1411 705 1499 quibus
725 1422 831 1476 essent
850 1412 964 1498 magni
986 1424 1019 1476 et
1036 1413 1176 1478 rotundi
1191 1414 1292 1490 oculi,
1310 1436 1382 1500 qua·

266 1527 314 1591 les
332 1524 444 1612 generi
465 1524 647 1588 hominum
667 1523 794 1591 Celtico
814 1504 945 1612 proprii
959 1522 1108 1603 fuerunt,
1126 1526 1168 1589 ad
1188 1525 1277 1611 quod
1291 1547 1380 1612 genus

173 1667 176 1672 ’
265 1642 464 1732 pertinuisse
483 1642 644 1729 Cyclopes
662 1664 742 1708 vero
761 1640 874 1706 simile
894 1640 983 1705 mihi
1007 1641 1064 1719 fit,
1090 1653 1168 1707 tum
1189 1642 1282 1721 ideo,
1303 1641 1380 1728 quod
1439 1668 1440 1729 j

266 1779 310 1821 ex
334 1754 476 1819 Thracia
496 1754 633 1819 oriundi
648 1754 880 1841 perhibentur,
897 1765 973 1818 tum
993 1776 1036 1820 ex
1056 1754 1293 1833 similitudine,
1308 1776 1380 1842 quae

264 1874 355 1938 inter
372 1872 596 1939 vetustissima
615 1872 776 1959 quaedam
799 1871 970 1938 Celtarum
991 1895 1051 1960 per
1075 1874 1248 1963 Europam
1268 1893 1379 1938 11101111-
1439 1898 1440 1943 1

264 1995 379 2050 menta
401 1996 434 2049 et
457 1983 647 2072 Cyclopum
669 2007 785 2050 muros
805 1985 993 2050 intercedit.

308 2248 341 2292 v.
366 2228 428 2292 143
451 2239 639 2315 suspectum
659 2228 811 2315 Heynius
832 2226 969 2305 habuit,
996 2198 1148 2297 Woliins
1177 2229 1284 2316 magis
1307 2244 1376 2290 ver·
1439 2240 1440 2319 1

263 2360 316 2404 sus
337 2340 416 2415 144,
441 2340 513 2404 145.
538 2340 749 2404 Hermannus
773 2360 850 2402 cum
875 2338 1082 2426 Goettlingio
1103 2339 1165 2405 hos
1187 2339 1287 2404 fnisse
1305 2337 1377 2401 alte·
1439 2324 1440 2351 ¹

262 2453 335 2517 rius
355 2452 555 2516 recensionis
578 2462 687 2539 putat.
713 2449 847 2515 Scilicet
866 2450 1004 2549 offendit
1021 2472 1074 2515 eos
1092 2452 1210 2516 eadem
1225 2451 1263 2514 in
1279 2472 1309 2514 v.
1323 2447 1376 2510 143

263 2554 301 2629 et
320 2567 382 2630 145
402 2565 560 2629 clausula.
591 2564 677 2628 Nam
694 2562 885 2648 ceteroquin
906 2585 975 2627 non
1001 2574 1050 2626 est
1067 2572 1159 2627 mera
1184 2563 1221 2626 in
1243 2561 1295 2626 his
1313 2579 1375 2623 ver·

262 2678 351 2742 sibus
381 2676 574 2763 tautologia.
620 2675 743 2742 Versus
766 2676 858 2740 enirn
880 2674 943 2739 143
966 2674 1033 2760 agit
1050 2675 1180 2739 denno
1201 2673 1374 2761 Cyclopum

261 2792 299 2855 in
330 2790 438 2855 media
468 2787 582 2853 fronte
614 2789 729 2867 oculo,
759 2810 823 2874 qua
844 2789 913 2853 sola
934 2785 1063 2851 formae
1080 2798 1178 2874 parte
1200 2810 1269 2851 non
1292 2788 1375 2849 erant
1439 2842 1440 2849 ,

260 2903 334 2968 Diis
353 2902 478 2967 similes
502 2900 680 2988 Cyclopes3
706 2922 819 2966 versus
849 2911 961 2964 autem
980 2898 1046 2962 duo
1062 2911 1234 2985 sequentes
1248 2900 1288 2962 de
1305 2916 1372 2960 con·

258 3014 463 3081 formatione
483 3014 587 3078 huius
607 3014 696 3078 oculi
718 3014 882 3090 rotunda,
909 3013 1012 3098 deque
1039 3012 1138 3087 dictis
1157 3012 1243 3076 hinc
1263 3008 1373 3095 Cyclo·

257 3129 375 3231 pibus,
400 3149 484 3214 qnae
508 3126 645 3213 quidem
666 3125 773 3212 etymi
796 3124 975 3189 declaratio
996 3124 1058 3189 vix
1077 3124 1205 3211 poterit
1223 3145 1291 3187 non
1314 3118 1373 3183 He-

258 3240 367 3304 siodea
397 3238 506 3303 videri
528 3235 777 3301 conferentibus
803 3235 894 3300 infra
914 3258 969 3302 vv.
993 3237 1066 3300 195.
1089 3236 1164 3301 207.
1192 3236 1267 3302 282
1281 3215 1371 3323 ''0Ep‘y

259 3355 314 3417 80.
331 3353 386 3416 81.
432 3336 552 3416 Minor
566 3360 679 3413 autem
698 3347 905 3413 concinnitas
925 3347 961 3409 in
981 3345 1127 3410 eiusdem
1147 3310 1313 3413 clausulae
1325 3363 1372 3406 re

257 3462 422 3571 petitione
449 3473 519 3526 tam
543 3472 668 3548 potest,
701 3483 757 3524 me
785 3460 911 3535 iudice,
935 3457 1080 3522 rudioris
1103 3459 1214 3525 adhuc
1237 3458 1317 3522 artis
1339 3453 1371 3517 in

255 3566 364 3666 poe'ta,
388 3595 489 3661 quam
510 3571 783 3661 interpolationis
805 3581 1024 3659 posterorum,
1047 3572 1102 3637 vel
1124 3560 1369 3660 Rhapsodornm

255 3684 309 3754 vel
328 3685 654 3761 Grammaticorum,
678 3683 842 3748 indicium
861 3683 988 3748 haberi.
1035 3677 1123 3749 Bene
1142 3675 1369 3748 animadvertit

255 3798 466 3868 Muetzellins
495 3820 529 3885 p.
560 3798 635 3862 411.
665 3819 800 3862 versum
823 3799 886 3862 143
917 3797 1125 3883 praecedenti
1154 3795 1265 3862 versui
1291 3798 1368 3855 arcte

255 3913 432 3978 adhaerere
456 3924 489 3975 et
510 3911 550 3975 ad
572 3909 806 3974 absolvendam
821 3910 1020 3974 sententiam
1040 3911 1219 3975 necessario
1239 3894 1366 3991 requiris

255 4028 444 4111 lectumque
467 4048 544 4090 eum
566 4023 657 4088 haud
680 4022 780 4087 dubie
805 4021 905 4086 fuisse
934 4047 952 4086 a
977 4023 1203 4088 Grammatico
1227 4042 1293 4086 non
1315 4016 1366 4079 in·

254 4140 362 4217 docto,
378 4139 472 4203 cuius
493 4150 648 4226 excerpta
669 4136 878 4251 aliquantum
894 4139 1010 4204 luxata
1022 4149 1197 4224 supersunt
1213 4138 1249 4201 in
1259 4133 1364 4216 Etym·

257 4250 343 4318 Gud.
369 4276 402 4339 p
428 4252 586 4317 3511111.
