2967 5209
211 551 257 598 ΧΠ
443 551 446 558 ’
670 550 861 600 PRAEFATIO.

210 735 269 812 Ad
298 733 480 802 Hesiodum
510 735 638 830 quidem
669 740 760 827 quod
781 742 915 818 attinet,
941 743 1078 805 tametsi
1102 740 1197 804 illum
1214 761 1278 804 non
1292 760 1330 804 eo

208 886 309 965 usque
319 867 540 954 progressum
552 872 655 955 pulo,
683 866 842 933 uilicum
862 847 1006 955 aliquem
1022 866 1329 956 primusfingeret,

209 1000 314 1057 tamen
336 995 371 1055 in
391 992 613 1058 memorandis
628 989 773 1059 Ileornm.
791 997 935 1096 nuptiis,
960 997 1246 1084 generationibus,
1272 1019 1331 1061 oo·

205 1112 437 1209 punitoribus,
472 1122 710 1211 affinitatibus,
747 1126 864 1212 itaque
899 1121 1086 1213 Theogonid
1115 1127 1255 1215 proprie
1280 1127 1331 1189 sie

208 1250 319 1332 dictd,
342 1251 445 1316 multa
465 1259 552 1329 eum,
570 1273 655 1340 quae
671 1252 734 1316 illo
748 1259 892 1341 tempore
915 1239 1082 1336 ἐτύμοισιν
1114 1242 1210 1337 ipsiu
1240 1252 1330 1317 oide-

209 1387 335 1461 rentur,
356 1381 516 1444 iuoenisse
525 1382 674 1468 primum
689 1390 730 1445 ac
736 1379 895 1467 finxisse,
916 1381 1002 1445 milti
1013 1402 1209 1469 persuasum
1220 1379 1332 1445 babeo.

212 1504 456 1595 Ueterumpost
471 1506 655 1572 absolutam
675 1507 781 1590 illam,
800 1506 841 1571 de
856 1529 926 1597 qua
940 1506 1039 1593 diui,
1074 1504 1216 1571 Homeri
1235 1515 1331 1594 atque

208 1626 357 1696 Hesiodi
370 1636 654 1720 comparationem,
676 1655 777 1723 neque
795 1634 1016 1724 negligendae
1034 1632 1119 1700 mibi
1132 1640 1225 1700 cisae
1238 1645 1329 1714 sunt,

208 1783 291 1850 quae
313 1757 504 1826 celebriores
526 1768 697 1826 exstarent
722 1762 866 1825 aliorum
885 1767 1063 1849 poetarum
1088 1781 1188 1848 super
1213 1760 1332 1825 iisdem

208 1877 281 1956 illis
304 1890 397 1954 rebus
416 1890 627 1955 traditiones.
657 1889 776 1978 Itaque
793 1891 875 1954 illas
891 1891 990 1953 etiam
1006 1891 1041 1952 in
1059 1886 1333 1956 Commentarium

209 2023 328 2107 recepi.
376 2015 486 2084 Simul
508 2031 631 2108 quoque
660 2018 854 2109 recipienda
878 2021 916 2083 in
942 2040 1012 2082 arm
1039 2021 1164 2096 censui,
1189 2042 1275 2106 qnae
1285 2020 1333 2085 de

209 2155 458 2212 memoratorum
472 2148 513 2211 ab
524 2146 668 2213 Hesiodo
685 2146 829 2213 Deorum
841 2149 953 2212 uariis
974 2146 1136 2213 Graeciae
1152 2147 1235 2212 locis
1249 2152 1335 2212 uoti·

121 2327 123 2331 ,
210 2281 258 2341 tia
272 2301 312 2341 ac
328 2279 491 2367 religione
499 2278 639 2367 prodita
650 2278 744 2367 apud
751 2282 903 2366 antiquos
918 2261 1098 2367 scriptores
1112 2285 1259 2355 exstant,
1271 2298 1333 2364 quo

209 2405 337 2468 scilicet
353 2406 563 2493 manifestius
574 2412 719 2491 pateret,
736 2426 801 2467 non
807 2403 959 2490 finxisse
968 2402 1055 2469 Deos
1064 2403 1256 2480 Hesiodum,
1273 2404 1334 2468 sed

210 2539 325 2594 contra
341 2531 501 2619 religiose
517 2531 661 2607 cauisse,
685 2551 832 2617 nequem
847 2527 970 2612 Deum,
989 2529 1113 2594 alimebi
1129 2533 1166 2593 in
1187 2529 1332 2597 Graecia

121 2677 124 2686 ⁴
209 2657 340 2739 cultum,
355 2659 487 2721 silentio
496 2660 789 2745 praetermitteret.
812 2656 961 2746 Denique
972 2660 1201 2747 inquirendum
1209 2641 1334 2749 quoque

209 2785 381 2873 mibipost
392 2786 481 2850 alios
493 2786 579 2850 duni
587 2789 633 2850 ‘in
650 2808 781 2864 causas,
795 2808 879 2874 quae
898 2790 935 2850 in
950 2792 1098 2853 carmine
1114 2787 1280 2853 Hesiodeo
1293 2791 1334 2854 de

214 2910 430 3001 Cosmogonia
438 2911 512 2977 acT
509 2913 936 3003 beogoniacommemoratis
945 2916 1075 3001 mythis,
1084 2938 1140 2979 seu
1142 2923 1246 3004 poeta
1255 2917 1334 2981 illos

209 3047 451 3133 antiquioribus
463 3045 621 3130 debuerit,
632 3068 687 3111 seu
692 3049 829 3136 primus
837 3046 916 3111 illos
915 3047 1122 3136 prodiderit,
1136 3052 1335 3113 occasionem

210 3182 240 3235 ct
259 3180 364 3236 ortum
385 3172 548 3238 dederint.
593 3171 749 3239 Attamen
764 3173 827 3238 illa
847 3175 1061 3260 inquisitione
1072 3179 1227 3238 neminem
1232 3195 1334 3261 posse

210 3301 371 3375 ulterius,
405 3320 502 3385 quam
522 3296 572 3361 ad
580 3298 787 3387 probabilem
806 3300 955 3386 aliquam
971 3301 1071 3387 quasi
1089 3302 1241 3364 ueritatis
1260 3323 1334 3390 spe-

210 3432 291 3493 ciem
311 3429 504 3516 peruenire,
525 3426 637 3512 facile
667 3429 780 3490 statim
804 3425 971 3508 intellexi,
1004 3424 1133 3521 qualem
1162 3430 1195 3490 si
1218 3425 1335 3492 udone·
1372 3441 1376 3446 ’

210 3558 420 3644 aliquatenus
438 3553 613 3618 adsemetus
632 3555 713 3617 meis
727 3552 770 3617 de
786 3551 1030 3640 significatione
1039 3555 1180 3640 mythico
1194 3559 1338 3619 sermoni

125 3729 127 3734 -
202 3703 487 3772 personarumque
510 3680 728 3767 mptbioarnm
752 3680 930 3743 nominibus
951 3680 1123 3746 tribuenda
1139 3683 1334 3746 coniecturis

210 3816 358 3896 (namque
374 3808 437 3874 bac
451 3808 492 3873 de
507 3828 544 3871 re
558 3808 689 3894 scripta
701 3807 784 3870 milti
800 3809 835 3869 in
850 3805 1090 3873 Commentario
1098 3810 1178 3895 fere
1192 3830 1254 3873 non
1264 3812 1334 3875 nisi

203 3958 271 4027 pro
292 3940 393 4000 meris
409 3937 522 4026 accipi
542 3937 738 4000 coniecturis
761 3933 844 4020 uolo)
864 3938 951 4000 satis
966 3958 1127 4025 superque
1142 3936 1269 4000 habebo.

259 4063 521 4131 Commentarius
538 4064 745 4151 quominus,
765 4060 854 4150 qnod
866 4064 967 4149 prius
986 4063 1234 4139 constitueram,
1257 4085 1333 4127 oar·

210 4196 310 4255 minis
344 4194 509 4257 contextui
534 4189 736 4270 subderetur,
755 4191 843 4277 fecit
870 4193 977 4255 maior
1006 4193 1125 4253 sensim
1135 4189 1236 4277 sacta
1260 4192 1333 4255 eius

116 4318 118 4320 ’
211 4317 320 4382 moles.
370 4315 498 4384 Fuerat
516 4317 645 4405 quidem
665 4317 884 4395 commodius,
910 4321 952 4401 si,
972 4339 1056 4406 quae
1074 4316 1124 4382 ad
1132 4325 1267 4406 poetam
1284 4318 1332 4381 il-
