2967 5209
487 482 518 528 ne
544 481 669 542 ansioni
694 482 907 530 renoscens.
1183 450 1252 524 377

135 666 263 732 tamen,
286 677 364 719 cum
386 655 525 719 omnino
547 656 772 741 requireretur
793 656 831 720 in
853 655 917 718 hoc
938 652 1087 717 carmine
1109 652 1252 725 mentio,

138 765 225 829 unde
239 765 310 830 nati
330 765 523 843 Mercurius,
544 766 698 844 Bacchus,
712 768 877 844 Hercules,
892 765 1035 843 mireris,
1053 786 1255 851 quemquam
1278 842 1284 859 ,

136 887 277 940 remotos
306 876 448 942 voluisse
479 899 607 955 versus,
631 878 753 964 quibus
774 881 852 943 solis
875 880 936 943 illa
957 877 1085 942 mentio
1107 877 1256 941 contine·

135 999 239 1053 retur.
287 987 437 1064 Accedit,
461 990 548 1076 quod
565 1001 662 1054 natus
681 990 865 1056 Mercurius
884 1002 990 1055 matre
1009 1013 1076 1054 non
1097 990 1252 1067 mortali,

134 1102 188 1166 sed
217 1102 365 1167 'Atlantis
393 1101 483 1180 filia,
515 1102 613 1195 Hom.
638 1102 775 1189 Hymno
798 1103 834 1167 in
857 1102 956 1166 Merc.
984 1124 1013 1164 v.
1040 1101 1071 1164 t.
1097 1100 1152 1164 20.
1179 1100 1256 1164 230.

135 1208 287 1297 Νύμφη,
310 1202 473 1285 ἀθάνατος
495 1227 527 1279 et
551 1203 720 1302 ἀμβροσίη
742 1216 841 1281 diota.
875 1214 990 1299 ltaque
1005 1212 1171 1276 duntaxat
1183 1233 1256 1276 ver·

134 1347 188 1389 sus
217 1327 281 1391 938
315 1348 381 1412 seq.
408 1326 544 1393 reiicere
573 1326 616 1391 ob
642 1351 773 1393 oausam
797 1326 839 1391 ab
869 1326 1053 1392 Scholiasta
1077 1324 1258 1389 indicatam

134 1438 226 1502 haud
248 1436 346 1503 facile
370 1439 545 1524 quisquam
561 1441 684 1526 potuit.
725 1440 814 1503 Tum
836 1438 926 1502 mihi
945 1460 1014 1501 non
1033 1448 1256 1513 tamcertum,

136 1573 174 1614 ac
194 1546 413 1638 Goettlingio,
435 1552 579 1630 videtur,
603 1551 823 1617 Scholiastam
844 1552 879 1614 in
900 1551 1014 1638 priore
1034 1549 1259 1615 annotationis

137 1673 231 1749 parte
254 1663 294 1727 ad
315 1650 346 1728 δ’
369 1654 420 1751 ttp’
441 1664 479 1728 in
501 1687 533 1729 v.
556 1667 631 1730 938.
657 1665 847 1752 respexisse.
893 1664 1011 1727 Putem
1032 1662 1183 1748 equidem
1199 1684 1258 1749 po-

137 1775 206 1839 tius
224 1796 302 1838 cum
323 1774 448 1853 Geelio,
472 1776 560 1842 dicta
582 1777 632 1841 ibi
648 1777 817 1864 pertinere
838 1776 879 1841 ad
902 1763 948 1839 δῶ
971 1776 1008 1838 in
1031 1797 1063 1838 v.
1088 1775 1162 1838 933.
1182 1794 1259 1836 cum

136 1885 186 1950 ibi
202 1908 315 1952 revera
329 1887 398 1951 sint
418 1873 481 1952 <lto
502 1877 681 1972 συλλαβῶν
702 1876 885 1952 ἀποκοπαί.
924 1885 979 1951 Sic
997 1898 1107 1951 autem
1127 1907 1261 1971 sequens

136 1998 362 2062 annotationis
380 2018 461 2084 pars
484 1999 551 2064 alio
568 2001 738 2087 pertinere
756 2000 915 2065 censenda
943 2011 1005 2076 est,
1028 1999 1162 2063 eumad
1182 1988 1258 2074 illa,

137 2133 219 2196 quae
235 2108 347 2175 vereris
361 2112 429 2179 ,933
448 2110 516 2175 fine
537 2134 574 2176 ac
594 2112 748 2199 deinceps
762 2123 906 2190 exstant,
925 2112 1093 2199 pertinere
1110 2120 1259 2197 nequeat.

139 2221 307 2308 Quorsum
329 2234 441 2288 autem
461 2225 642 2311 pertineat,
664 2224 819 2311 ignorare
842 2247 916 2300 nos,
941 2222 1114 2287 fatendum
1137 2232 1194 2286 est.

184 2472 216 2515 v.
230 2450 294 2514 945
311 2470 377 2534 seq.
394 2442 538 2515 Vulcani
561 2472 703 2514 uxorem
719 2449 883 2513 Homerus
899 2449 940 2512 Il.
955 2449 992 2513 Σ.
1008 2448 1085 2512 382.
1099 2458 1263 2510 memorat

140 2562 303 2640 Gratiam,
316 2559 379 2627 Od.
394 2562 438 2626 Θ.
454 2561 517 2625 267
530 2583 617 2646 seqq.
626 2561 802 2628 Venerem.
827 2562 940 2647 ltaque
955 2570 1112 2625 venustus
1123 2554 1264 2644 mythus

138 2675 269 2762 duplici
278 2676 408 2740 ratione
425 2674 619 2740 enunciatus
630 2671 709 2739 fuit.
723 2672 821 2740 Conf.
839 2673 1007 2739 Cornutus
1017 2673 1057 2737 de
1067 2672 1106 2736 N.
1117 2672 1157 2736 D.
1170 2693 1198 2735 c.
1211 2674 1262 2736 19.
1371 2710 1374 2713 ,

140 2786 299 2852 Hesiodus
307 2798 429 2866 autem,
436 2809 515 2851 oum
527 2808 570 2851 en
578 2787 745 2851 Thebanis
756 2785 881 2851 fabulis
888 2787 1050 2853 Venerem
1062 2784 1179 2848 Martis
1186 2805 1265 2845 con-

139 2899 252 2985 iugem
261 2898 453 2984 agnovisset,
463 2899 701 2965 hichulcano
709 2921 850 2963 uxorem
859 2896 1262 2972 nonVeneremdedit,sed

142 3010 307 3087 Gratiam,
316 3032 353 3074 ac
361 3009 638 3095 definitequidem
645 3009 825 3074 minimam
834 3009 962 3073 natude
970 3008 1263 3094 GratiisAgla'iam.

186 3260 240 3303 vv.
266 3237 450 3302 947—949.
494 3236 700 3302 Memoratur
732 3234 787 3298 hic
815 3234 960 3302 breviter
992 3233 1156 3299 Ariadnae
1188 3257 1266 3298 cum

141 3346 289 3434 Dionyso
312 3347 524 3435 coniugium,
551 3348 606 3412 sed
636 3345 773 3411 fortasse
803 3347 839 3411 in
863 3345 1020 3435 Catalogo
1040 3348 1175 3434 plenius
1199 3346 1267 3411 fuit

141 3481 177 3524 ea
193 3481 246 3522 res
270 3471 404 3523 narrata
428 3470 504 3547 post
524 3456 647 3523 factam
670 3459 718 3526 ibi
742 3459 901 3546 perfidiae
921 3460 958 3524 in
973 3460 1156 3525 Ariadnam
1179 3459 1266 3523 The·

140 3570 197 3649 sei,
216 3594 303 3637 novo
318 3573 519 3661 Panope'idos
534 3573 649 3660 Aegles
668 3594 781 3636 amore
797 3574 897 3661 capti,
919 3574 1136 3650 mentionem,
1152 3574 1192 3637 de
1202 3595 1266 3659 qua

140 3695 268 3748 constat
288 3709 332 3750 ex
354 3684 534 3750 Plutarcho
552 3684 590 3748 in
611 3685 710 3748 Thes.
742 3707 770 3750 c.
796 3688 850 3750 20.
873 3686 996 3751 Athen.
1020 3686 1111 3751 Xlll.
1134 3708 1168 3772 p.
1192 3688 1267 3751 557.

142 3794 239 3861 Certe
267 3798 419 3862 dissensit
449 3796 608 3862 Hesiodus
629 3795 669 3860 ab
695 3791 857 3874 Homero,
888 3820 986 3883 quem
1012 3797 1039 3861 si
1064 3798 1175 3863 audias
1201 3796 1265 3863 Od.

142 3906 183 3971 A.
207 3909 294 3985 320,
320 3910 504 3975 Ariadnam
514 3909 658 3972 Theseus
679 3932 722 3974 ex
745 3909 842 3975 Creta
858 3886 1017 3975 'Athenas'
1031 3891 1092 3998 ἦγε
1112 3896 1266 3994 μὲν,οὑδ’
1348 3974 1353 3995 ρ

140 4008 295 4098 ἀπόνητο·
329 4011 432 4108 πάρος
461 4009 500 4088 δέ
532 4041 587 4104 μιν
609 4003 768 4109 ’Ἄρτεμις
795 4011 883 4110 ’ἔσχε
920 4014 980 4105 etp
1008 4009 1040 4085 ἓν
1071 4014 1267 4109 ἂμφιρύτρ,

142 4128 299 4197 Διονύσου
328 4125 542 4221 μαρτυρίῃσι,
575 4136 633 4200 ubi
666 4158 709 4200 ex
740 4133 883 4199 scholiis
909 4135 948 4198 ad
983 4158 1013 4199 r.
1044 4138 1119 4200 325.
1144 4135 1265 4212 discas,

141 4250 261 4327 fuisse,
293 4251 350 4336 qui
371 4252 555 4329 traderent,
584 4253 772 4338 Dionysum
800 4252 981 4316 Ariadnam
1007 4252 1190 4338 impietatis
1211 4275 1266 4315 ac·
