2967 5209
239 495 309 567 340
676 519 916 567 condanrtalvs

238 681 286 761 ro'e
309 678 397 754 iuria
419 681 542 783 usipus
555 678 651 762 tum
678 679 852 778 ἀργυρέους
874 682 1057 778 εἱλιγμένος
1093 687 1206 776 (activi
1236 683 1372 771 sensus)
1464 692 1466 763 4

239 793 282 872 εἷς
307 788 377 866 tta
401 793 526 868 πῖπτει.
572 802 734 890 Equidem
763 802 898 881 dubito,
926 825 981 867 an,
997 801 1099 890 possit
1122 792 1302 887 εἱλιγμένος
1330 819 1373 862 ea

239 913 481 1002 significatione
509 914 633 1002 accipi:
662 914 717 980 sed
739 914 1008 1001 acquiescendum
1030 912 1119 977 mihi
1144 912 1262 977 inille
1281 931 1371 974 oon·

239 1026 422 1091 structione
446 1027 596 1105 videtur,
618 1027 646 1091 si
668 1019 850 1114 εἱλιγμένος
871 1027 1000 1114 passivo
1018 1048 1114 1090 sensu
1129 1024 1310 1111 accipiatur
1332 1034 1370 1086 et

240 1126 327 1203 ἐννέα
347 1131 460 1226 μοίρας
482 1141 685 1207 accusativus
707 1138 906 1205 adverbialis
927 1137 1098 1203 habeatur.

287 1389 317 1430 v.
351 1368 415 1430 793
445 1390 531 1454 seqq.
570 1367 728 1454 Quisquis
762 1365 949 1442 Coelitum‚
982 1355 1038 1444 τὴν
1066 1365 1089 1430 i.
1112 1387 1140 1428 e.
1165 1353 1368 1441 aadtnrrolr

242 1469 428 1542 Ὠκεανεὶων
449 1465 578 1543 odotem
600 1474 714 1565 μοῖραν
736 1478 818 1567 (sive
841 1472 962 1554 ταύτην
991 1468 1047 1557 slyr
1071 1466 1204 1563 Στυγὶι)
1227 1461 1368 1541 ἀπολεί-

241 1575 334 1670 dac,
356 1589 493 1652 delibuta
517 1590 576 1652 bac
599 1591 708 1677 Stygis
728 1613 828 1678 aqua,
851 1589 1064 1677 peieraret-it,
1090 1590 1118 1653 is
1135 1589 1290 1677 primum
1304 1612 1367 1677 per

241 1724 368 1765 annum
390 1701 563 1788 integrum
587 1702 749 1766 inanimis
778 1724 815 1765 ac
840 1701 911 1766 sine
937 1724 1015 1765 voce
1039 1702 1139 1780 iacet,
1161 1701 1283 1766 deinde
1305 1718 1367 1766 noi

241 1834 317 1876 vern
353 1836 456 1877 annos
485 1837 504 1878 a
528 1814 675 1879 Deorum
703 1812 871 1892 consiliis,
906 1813 1032 1900 epulis,
1054 1813 1200 1877 coetibus
1221 1814 1364 1878 exsulat.

242 1923 398 1990 Solebant
414 1926 568 1991 homines
588 1926 735 1991 iurantes
751 1915 970 2010 “ἆιπολεὶβειν,
991 1926 1078 2004 sive,
1101 1937 1139 1989 ut
1153 1926 1280 1990 dicitur
1298 1925 1362 1992 Od.

241 2041 278 2103 Ξ.
303 2041 378 2104 331.
399 2040 438 2103 Τ.
460 2040 536 2105 288.
561 2026 792 2103 ἀποσπένδειν.
835 2039 924 2105 Hinc
947 2039 986 2104 in
1006 2039 1153 2104 Deorum
1167 2038 1367 2103 iuramentis

241 2152 330 2216 idem
362 2175 422 2215 usu
452 2153 566 2217 venire
590 2153 822 2216 crediderunt:
857 2154 991 2229 saltem,
1019 2152 1045 2215 si
1075 2152 1151 2215 Iove
1178 2151 1308 2215 arbitro
1326 2151 1366 2215 ad

240 2265 338 2329 litem
357 2265 582 2329 dirimendam
603 2265 770 2342 iurarent,
792 2267 852 2350 qui
867 2288 940 2328 mos
955 2264 1133 2351 respicitur
1152 2264 1193 2328 Η.
1210 2265 1249 2328 in
1263 2264 1365 2329 Merc.

242 2379 318 2441 521.
346 2378 406 2440 ubi
429 2376 552 2464 Apollo
576 2377 675 2442 dicit:
702 2369 846 2460 tuocum
868 2364 925 2440 tut
944 2367 1075 2464 Στυγὸς
1100 2366 1235 2461 &lippata
1261 2365 1364 2463 ὕδωρ,

240 2501 279 2551 ut
303 2488 358 2551 hic
385 2500 432 2552 est
456 2511 488 2551 v.
512 2492 588 2553 793.
611 2475 797 2575 indutam·
844 2488 907 2554 Sed
930 2490 1050 2555 crediti
1072 2513 1201 2576 quoque
1222 2489 1365 2555 Coelites
1465 2564 1466 2587 χ

238 2621 332 2686 saepe
354 2623 414 2688 per
437 2598 538 2688 Styga
558 2602 696 2680 iurasse,
720 2602 857 2666 eumad
878 2622 1018 2666 manum
1040 2625 1123 2689 aqua
1144 2602 1207 2667 illa
1222 2626 1293 2668 non
1310 2625 1363 2667 es·

240 2721 298 2775 set.
346 2711 511 2797 Exempla
537 2711 613 2775 vide
632 2713 720 2799 apud
739 2712 925 2777 Homerum
945 2713 987 2778 ΙΙ.
1012 2717 1047 2779 Ξ.
1070 2717 1146 2780 271.
1167 2714 1208 2782 Ο.
1227 2719 1281 2782 37.
1299 2715 1362 2782 Od.

241 2823 279 2887 E.
308 2824 382 2887 185.
410 2822 451 2886 Η.
476 2822 514 2888 in
534 2825 596 2915 Ap.
619 2826 672 2890 85.
700 2825 861 2912 Apollon.
886 2827 995 2892 Rhod.
1022 2827 1065 2895 Il.
1087 2829 1164 2893 291.
1183 2827 1244 2892 ubi
1265 2816 1365 2912 λοιβῆ
1465 2862 1466 2873 ι

204 2950 209 2961 ⁸
239 2927 369 3022 Στυγὸς
401 2935 490 2999 idem
511 2947 575 3016 est,
599 2939 688 3025 quod
715 2938 757 3004 II.
777 2936 817 3005 Ο.
843 2942 897 3005 37.
921 2931 960 3003 τὸ
982 2930 1214 3026 κατειβόμενον
1232 2931 1365 3029 Στυγὸς

239 3034 331 3136 ὕδωρ.
364 3045 462 3114 Conf.
486 3048 624 3114 Nonnus
650 3049 758 3115 XLII.
795 3051 869 3115 527.
925 3051 1086 3117 Adhibita
1116 3063 1227 3116 autem
1252 3050 1365 3141 Stygis

240 3164 323 3246 aqua
343 3160 401 3225 Dii
423 3159 570 3226 iurantes
593 3184 628 3225 ao
645 3161 789 3227 libantes
811 3160 908 3251 Stygi
934 3163 999 3251 ipsi
1022 3164 1140 3229 libasse
1157 3176 1361 3231 censeantur.

155 3258 157 3262 ,
240 3271 302 3337 Sed
321 3272 435 3358 quaeri
458 3283 581 3359 potest,
603 3296 688 3337 num
710 3275 862 3339 iurantes
882 3276 966 3340 Deos
985 3276 1087 3340 etiam
1100 3276 1226 3342 bibisse
1251 3275 1377 3370 Stygis·

240 3373 360 3471 aquam
390 3382 507 3449 Graeci
537 3395 662 3450 veteres
683 3388 863 3474 putarint,
896 3388 981 3452 sicut
1010 3388 1113 3452 homo
1146 3377 1363 3455 inornatus

238 3498 329 3562 idem
356 3517 486 3581 quoque
515 3494 635 3561 vinum
661 3496 806 3564 bibebat.
852 3501 1004 3564 Fuerunt
1033 3502 1215 3581 recentius,
1238 3503 1298 3589 qui
1315 3503 1362 3567 sic
1465 3562 1466 3593 p

238 3619 437 3686 statuerent,
462 3619 560 3695 atque
579 3630 631 3687 ea,
652 3613 734 3696 quae
754 3623 869 3676 narrat
888 3615 986 3699 poeta
1006 3635 1039 3679 v.
1062 3616 1127 3678 759
1149 3631 1246 3702 seqq„
1267 3637 1360 3702 repe·

239 3722 336 3786 tenda
356 3719 397 3785 ab
415 3718 519 3784 noxia
538 3717 672 3807 Stygiae
693 3744 794 3809 aquae
813 3734 934 3788 natura
952 3724 1125 3805 ducerent,
1146 3737 1186 3790 ut
1196 3728 1275 3791 adeo
1286 3726 1360 3792 Cle·

237 3836 326 3899 ricus
355 3834 417 3899 illa
438 3831 621 3912 conferret,
650 3834 733 3922 quae
752 3838 911 3924 leguntur
934 3838 1072 3906 Numer.
1096 3839 1137 3906 V.
1160 3840 1201 3904 de
1219 3839 1361 3904 muliere

126 3960 131 3977 '
239 3946 397 4014 adulterii
413 3958 570 4034 suspecta.
620 3944 704 4012 Sane
724 3949 898 4014 Pausanias
917 3950 1010 4018 VIII.
1033 3954 1084 4017 18.
1106 3974 1232 4047 aquam.
1244 3953 1284 4016 ad
1301 3951 1360 4018 Ar·
1465 3968 1466 3983 ³

237 4060 346 4126 cadiae
372 4058 559 4137 Nonacrin,
590 4057 703 4147 Stygis
724 4060 869 4140 dictam,
896 4063 1093 4127 hominibus
1114 4063 1242 4150 pariter
1264 4074 1358 4150 atque

238 4171 441 4237 anirnalibus
468 4171 539 4236 vim
559 4160 727 4237 letiferam
753 4172 875 4239 habere
898 4146 1059 4263 prodidit.
1105 4174 1166 4241 Sed
1193 4177 1357 4240 incertum

239 4295 303 4361 est,
326 4294 442 4347 utrum
475 4306 518 4349 ex
538 4285 691 4371 adspectu
711 4285 807 4350 illius
828 4288 865 4350 ad
886 4288 1053 4353 Nonacria
1072 4311 1183 4375 aquae,
1204 4290 1244 4355 de
1269 4311 1358 4376 prae·
