2967 5209
481 509 514 552 rr
538 506 664 554 urorum
687 506 903 572 morosius.
936 554 938 557 ,
1187 481 1259 556 305

15 714 16 723 κ
129 696 220 763 oeqq.
252 677 322 761 825
346 683 457 765 seqq).
503 677 600 743 Dicta
627 677 690 743 illa
712 679 829 766 poetae
851 676 907 742 hie
927 689 1080 766 strupra
1101 702 1134 745 v.
1155 680 1251 756 895..
1380 648 1384 657 “

15 800 18 837 s
130 786 215 852 item
246 786 298 854 Sc.
330 809 363 855 v.
398 792 474 855 197.
507 784 739 878 Τριτογένεια,
769 790 839 857 sive
867 813 885 854 a
916 790 1068 880 Boeotico
1094 791 1260 857 vocabulo

129 890 258 986 Tprtia,
279 912 380 989 caput
395 901 604 989 significante
629 902 712 990 (vid.
737 903 847 967 Tzetz.
871 903 913 968 ad
932 903 1103 992 Lycophr.
1124 927 1158 970 v.
1179 906 1255 970 518.

130 1025 341 1100 auctoresque
361 1014 456 1079 citati
474 1037 492 1081 a
510 1015 584 1084 VV.
606 1016 676 1082 DD.
698 1016 738 1081 sd
757 1015 963 1104 Hesychium
985 1039 1018 1082 v.
1042 1004 1166 1103 Tpuie)
1187 1016 1258 1083 sive

129 1150 148 1191 a
167 1127 317 1204 Tritone,
338 1125 445 1192 fluvio
465 1127 623 1194 Boeotiae.
656 1127 741 1194 Nam
763 1127 804 1193 de
818 1126 944 1215 Libyae
964 1128 1040 1192 lacu
1064 1126 1126 1191 vix
1136 1137 1195 1205 est,
1217 1138 1258 1191 ut

127 1241 326 1328 cogitaverit
343 1241 511 1307 Hesiodus.

175 1490 208 1533 v.
232 1468 308 1536 924.
330 1459 428 1539 uv'rdc
449 1469 474 1533 i.
497 1490 526 1534 a.
551 1458 657 1552 μόνος·
681 1467 737 1535 Sic
756 1468 846 1556 apud
859 1467 1045 1534 Homerum
1066 1467 1108 1533 Il.
1124 1468 1164 1533 E.
1176 1468 1255 1536 880.

129 1572 230 1650 αὐτὸς
259 1566 387 1669 iyet‘m
418 1567 512 1645 παῖδ’
544 1568 687 1659 ἀΐδηλον.
719 1579 819 1647 Conf.
850 1591 884 1645 et
913 1580 1052 1645 lunonis
1080 1580 1189 1645 oratio
1218 1557 1267 1645 in·

128 1692 228 1758 Hom.
252 1693 293 1759 H.
317 1693 355 1758 in
377 1695 441 1782 Ap.
462 1715 495 1759 v.
516 1695 581 1759 810
603 1715 691 1780 seqq.
713 1688 866 1757 maxime
885 1716 919 1759 v.
941 1693 1007 1758 314
1034 1703 1067 1757 et
1082 1694 1170 1773 324„
1196 1691 1257 1756 ubi

127 1815 241 1869 tamen
261 1816 341 1870 nata
365 1827 410 1870 cx
432 1804 520 1871 lovis
539 1807 650 1892 capita
673 1805 827 1871 Minerva
852 1827 923 1871 non
941 1804 1256 1874 dicitur.-Sehol.

127 1916 212 1988 Ven.
234 1918 276 1983 sd
297 1918 340 1985 Il.
361 1919 400 1984 E.
423 1919 501 1983 880.
523 1916 663 1983 Homeri
688 1917 790 1986 verba
813 1918 1017 1984 occasionem
1036 1919 1178 1985 Hesiodo
1197 1918 1275 1985 de·-

127 2028 213 2094 disse
240 2031 289 2096 ait
317 2029 404 2094 hanc
435 2027 584 2115 fingendi
614 2026 784 2107 fabulam,
803 2051 895 2094 ,cum
931 2021 1032 2101 assic
1053 2043 1178 2096 temere
1198 2030 1258 2095 in-

127 2150 331 2227 terpretatus
352 2152 434 2206 esset
455 2131 563 2225 utros
608 2139 706 2228 Quod
726 2142 755 2207 si
775 2140 887 2208 Schol.
915 2143 956 2208 ad
981 2141 1024 2209 ll.
1047 2141 1091 2206 Θ.
1118 2144 1170 2209 13.
1194 2164 1258 2206 au·

128 2251 214 2332 dias,
238 2252 320 2318 hinc
337 2264 412 2319 orta
432 2251 565 2332 fabula,
586 2254 676 2341 quod
695 2254 820 2342 passim
841 2253 932 2342 apud
949 2252 1136 2319 Homerum
1156 2255 1256 2331 Iovis,

128 2375 289 2453 tanquam
311 2365 418 2454 patris
439 2365 627 2445 Minervae,
650 2388 839 2453 numquam
860 2368 981 2431 matris
1002 2367 1130 2432 mentio
1151 2367 1204 2433 fit.

172 2615 229 2660 vv.
252 2594 438 2661 ezr-929.
470 2592 571 2681 Qu⁰d
596 2594 695 2682 poita
713 2592 832 2673 tradit,
852 2616 897 2659 ex
919 2593 1049 2660 lunone
1068 2594 1138 2660 sola
1160 2591 1259 2682 geni·

127 2717 204 2771 tum
232 2706 440 2786 Vulcanum,
469 2709 571 2795 vulgo
595 2719 748 2795 receptus
769 2707 975 2774 Graecorum
1000 2707 1160 2795 opinione
1179 2729 1258 2795 my·

128 2817 210 2884 thus
225 2815 304 2897 fuit,
321 2840 339 2883 a
360 2842 427 2906 quo
446 2818 633 2885 dissensisse
646 2818 871 2908 Apollodorus
884 2820 911 2886 1.
934 2820 1005 2908 111.
1019 2824 1052 2887 5.
1072 2819 1258 2886 Homerum

128 2941 239 3024 notat,
263 2931 445 2996 secundum
466 2952 566 3016 quesn
586 2930 675 2996 Iovis
691 2943 725 2996 et
738 2932 880 2997 Iunonis
896 2931 991 2996 filius
1009 2928 1079 2996 fuit
1088 2932 1259 3000 Vulcanus

131 3041 187 3134 (11.
208 3045 248 3110 Α.
270 3043 346 3108 572.
370 3045 448 3111 578.
470 3040 534 3108 Od:
559 3041 602 3106 Θ.
619 3039 723 3131 312.).
748 3043 933 3109 Homerum
945 3044 1096 3130 sequitur
1106 3045 1201 3111 Plato
1220 3044 1259 3109 in
1393 3028 1397 3043 ’

130 3153 240 3222 critis
268 3178 303 3243 p.
335 3157 426 3234 108..
452 3153 634 3220 Hesiodum
653 3156 806 3243 plerique
825 3157 1000 3224 Veterum.
1045 3147 1110 3221 Τὸν
1125 3145 1260 3241 Ἥφαι-

130 3285 211 3334 στον
230 3256 307 3332 iiten
330 3255 472 3354 chiru‘r
509 3265 606 3354 (eitra
639 3266 872 3355 conceditum)
903 3255 942 3333 ἐκ
962 3262 1020 3349 τῆς
1035 3255 1143 3357 ‘'Hpoee
1166 3258 1261 3358 γένε·

129 3369 231 3461 etas,
259 3379 350 3445 dixit
370 3380 533 3445 Pindarus
560 3378 648 3467 apud
662 3379 891 3446 Plutarchum
920 3382 960 3447 T.
988 3382 1031 3448 II.
1055 3404 1091 3471 p.
1116 3385 1192 3448 751.
1215 3384 1256 3449 D.

122 3482 225 3581 *Ἤρης
245 3477 302 3557 via
320 3483 441 3558 sacru
462 3502 559 3559 vocat
581 3492 685 3557 etiam
705 3492 868 3581 Apollon.
890 3494 1001 3564 Rhod.
1017 3494 1045 3561 1.
1065 3498 1141 3563 858.
1165 3494 1259 3563 Con-

130 3588 233 3672 sentis
253 3606 407 3694 Hyginus
425 3628 462 3694 p.
483 3607 536 3672 12.
581 3605 630 3671 De
651 3602 780 3672 femore
806 3604 946 3694 Iunonis
966 3618 1087 3674 natum
1114 3609 1163 3672 ait
1184 3605 1260 3673 Ser·

131 3719 207 3786 vius
225 3719 267 3784 sd
287 3717 371 3786 Aen.
391 3717 487 3786 VIII.
510 3718 587 3784 454.
627 3716 728 3806 Apud
750 3717 967 3784 Eustathium
987 3731 1099 3784 autem
1119 3742 1154 3807 p.
1182 3722 1259 3789 887.

133 3834 220 3899 alius
236 3830 384 3898 refertur
405 3831 568 3920 mythus,
587 3832 761 3920 gravidam
779 3852 823 3896 ex
846 3832 1051 3898 clandestino
1076 3831 1164 3899 Iovis
1183 3845 1260 3900 ente

132 3944 269 4033 nuptias
292 3943 475 4011 concubitu
494 3944 677 4023 Iunonem,
708 3966 787 4009 cum
815 3955 891 4032 post
912 3945 1048 4034 nuptias
1067 3946 1259 4015 Vulcanum

133 4070 285 4147 pareret,
317 4068 517 4146 conceptum
548 4079 591 4122 ex
619 4080 653 4121 se
673 4057 845 4122 simulasse
867 4042 956 4147 δῖχα
973 4049 1107 4143 μίξεως,
1130 4081 1174 4124 ex
1194 4082 1259 4146 quo

134 4182 249 4236 nmen
267 4170 420 4259 perinde
443 4180 541 4257 atque
569 4191 614 4235 ex
637 4167 732 4248 aliis,
753 4168 804 4237 ibi
824 4159 958 4250 relatis,
982 4167 1194 4253 Samiorum,
1221 4185 1261 4237 ut

132 4282 285 4361 ridetur,
308 4282 458 4371 mythis,
478 4304 539 4348 nec
560 4279 675 4347 minus
694 4303 739 4349 ex
758 4280 943 4347 Homericis
962 4281 1044 4349 locis
1069 4283 1112 4353 Il.
1131 4286 1172 4354 1
1195 4288 1261 4353 580
1334 4360 1339 4371 .
