2967 5209
191 539 247 587 XVI
550 553 554 560 ¹
667 539 851 587 PRAEFATIO.

191 731 265 802 alta
284 726 417 797 Mum
438 697 603 795 Herculis
631 736 666 793 et
685 727 925 816 Theogoniam,
947 724 1077 790 saeculo
1101 722 1187 802 XV,
1215 731 1251 787 nl
1267 726 1318 786 ui-

192 860 301 938 delur,
331 866 504 926 exaratas.
552 857 756 949 Conspirant
779 860 849 923 eius
879 856 1033 920 lectiones
1049 853 1130 939 fere
1155 875 1225 918 eum
1249 851 1318 921 Al-

192 984 295 1048 dinis.
1238 981 1241 986 ’

240 1110 370 1191 codex,
395 1112 479 1175 mihi
493 1108 550 1189 B,
567 1111 668 1176 Paris.
689 1112 788 1193 2678,
809 1114 976 1177 continens
997 1114 1087 1174 inter
1111 1108 1185 1175 alia
1208 1106 1317 1174 Theo-

189 1243 327 1329 gom'am
350 1246 383 1303 et
407 1236 541 1306 Sculum
561 1236 728 1303 Herculis
752 1261 822 1303 cum
844 1236 974 1303 Glossis
992 1238 1266 1302 interlinearihus
1288 1245 1323 1300 et

191 1362 552 1459 quibusdam'Scholiis
577 1366 844 1454 marginalibus,
868 1369 1017 1455 sorz'Jotus
1034 1365 1165 1431 saeculo
1185 1362 1297 1429 XVI.

241 1493 371 1580 Codex,
393 1495 480 1559 mihi
503 1492 556 1572 0.,
574 1493 675 1558 Paris.
701 1496 801 1572 2708,
822 1493 953 1559 saeculo
971 1492 1053 1559 XV
1064 1495 1222 1582 scriptus,
1242 1513 1317 1557 oon·

193 1625 301 1687 thiens
318 1627 405 1687 inter
423 1622 498 1692 alia
520 1618 757 1711 Theogoniam,
778 1644 848 1687 oum
871 1622 1002 1688 Glossis
1010 1626 1143 1711 passim
1159 1624 1251 1685 iuter
1272 1622 1322 1684 li·
1343 1595 1346 1599 ι

191 1773 291 1830 neas,
316 1753 532 1839 coniectisque
561 1749 610 1814 acl
637 1753 823 1839 marginem
853 1750 1014 1834 Scholiis,
1053 1772 1136 1838 quoe
1159 1750 1200 1815 ah
1221 1750 1324 1814 eolo'tis

194 1880 351 1957 oliucrsa,·
375 1875 509 1945 Scutum
522 1875 683 1944 Herculis
698 1902 768 1944 cum
787 1877 950 1943 similibus
975 1878 1106 1945 Glossis
1126 1887 1157 1942 et
1176 1877 1325 1943 Scholiis

193 2009 292 2071 etiam
310 2005 461 2085 enodetis;
483 2003 620 2070 Scholia
641 2010 676 2070 in
687 2002 919 2094 Theogoniam,
941 2028 1026 2095 quae
1039 2006 1080 2071 ab
1096 2003 1240 2070 Heinsio
1254 2002 1291 2070 V
1289 2025 1323 2067 e·

194 2142 269 2199 tera
290 2133 463 2209 dicuntum
488 2131 599 2221 Opera
614 2142 646 2197 et
663 2132 747 2199 Ilios
762 2157 833 2200 cum
848 2135 1010 2198 similibus
1028 2134 1158 2201 Glossis
1172 2141 1204 2198 et
1215 2130 1320 2198 Scho-

194 2262 257 2327 liis
292 2261 452 2339 ineditis,·
485 2258 660 2327 Manuelis
691 2259 904 2352 Moschopuli
918 2259 1056 2328 ¹Scholia
1085 2265 1122 2326 in
1155 2258 1267 2351 Opera
1293 2268 1325 2324 et

194 2389 297 2463 Boou
316 2387 459 2484 Ioannis
479 2387 626 2454 Diaconi
643 2385 782 2453 Scholia
797 2391 833 2451 in
851 2387 1091 2477 Theogoniam,
1106 2389 1225 2454 Procli
1238 2387 1323 2454 Ilia·

194 2517 293 2583 doohi
312 2514 450 2581 Scholia
472 2517 507 2577 in
537 2512 651 2602 Opera
675 2511 814 2578 el'Dies.
860 2511 929 2578 Est
950 2514 1005 2578 hie
1028 2514 1139 2582 Coelen
1162 2512 1323 2579 Goetllin-

191 2648 253 2735 gio
277 2654 309 2711 et
333 2643 522 2718 Muetaellio
552 2637 721 2707 Parisinus
747 2644 797 2719 1.,
814 2645 907 2707 onnus
931 2644 1085 2708 lectiones
1106 2647 1155 2708 iis
1174 2643 1324 2709 innotue-

196 2782 277 2839 rant
297 2796 339 2838 ea
364 2773 557 2855 collatione,
581 2793 680 2860 quam
700 2769 890 2859 ‚Gaessorolo
901 2770 992 2856 feeit
1011 2769 1125 2838 doctus
1145 2773 1216 2839 Vir
1242 2763 1326 2839 Gre-

192 2905 316 2992 gorius
340 2900 547 2991 Georgiades
567 2900 729 2983 Zahrms,
749 2900 1071 2981 remurmuremus,
1091 2925 1115 2967 a
1142 2899 1327 2991 Gaisjorclo

195 3032 287 3097 eolita
313 3035 350 3095 in
381 3031 476 3096 poet..
502 3029 616 3094 Graec.
644 3027 769 3094 Minor.
800 3027 839 3094 T.
864 3027 920 3095 II.
957 3029 1108 3117 Append.
1130 3031 1170 3094 ad
1193 3029 1268 3097 Vol.
1289 3027 1324 3095 I.

190 3143 235 3250 p,
255 3157 321 3227 IX
349 3181 414 3247 seq.
463 3157 553 3245 Egit
582 3156 622 3221 de
655 3156 714 3220 hoo
740 3154 819 3224 cod.
850 3153 1063 3221 Mueteellius
1092 3153 1131 3221 L.
1156 3152 1212 3219 II.
1235 3177 1265 3219 o.
1290 3158 1323 3218 2.

198 3311 236 3377 p.
262 3289 326 3351 158
349 3306 417 3373 seq.
440 3307 470 3348 c.
496 3288 529 3350 6.
546 3305 586 3372 p.
612 3284 677 3346 213
701 3304 789 3371 seqq.

247 3413 359 3483 codex
371 3459 381 3491 ,
403 3410 487 3475 mihi
508 3407 567 3493 lh,
590 3407 691 3473 Paris.
718 3409 819 3485 2763,
850 3407 1063 3484 chartaceus,
1086 3406 1165 3470 olim
1189 3405 1326 3475 Colher-

199 3548 288 3610 tiuus
300 3589 308 3621 ,
338 3540 469 3607 saeculo
494 3535 574 3602 XV
593 3542 770 3612 exaratus,
802 3536 891 3596 inter
921 3532 993 3597 alia
1022 3534 1189 3595 continens
1213 3529 1328 3619 Opera
1397 3577 1401 3586 ·

200 3682 233 3738 el
253 3670 352 3748 Dies,
375 3667 492 3757 quihus
513 3663 654 3728 nehiecta
675 3659 831 3745 Scholia,
857 3682 955 3749 quam
975 3662 1010 3723 iu
1025 3659 1147 3725 Eolilis
1161 3661 1330 3739 breuiora5

202 3797 337 3865 Smclum
355 3793 516 3861 Hermelis
534 3799 568 3854 et
586 3788 818 3878 Theogoniam.
864 3786 933 3851 Ilst
948 3788 1004 3851 hio
1021 3785 1146 3869 Codex,
1170 3784 1329 3852 Goetllin·

197 3932 260 4017 gio
280 3934 312 3991 et
335 3922 528 3992 Muolzellio
550 3920 659 3986 dictus
682 3918 783 3982 Paris.
808 3918 858 3994 2.,
880 3936 922 3979 ea
938 3938 1001 4005 quo
1018 3937 1089 3979 crem
1109 3913 1327 3979 Iluhnhenius

203 4055 389 4144 exemplari
421 4051 610 4145 Heiusiauo
639 4049 751 4113 bonam
793 4047 964 4110 uariarum
995 4045 1166 4109 lectionum
1199 4043 1326 4128 copiam

146 4227 149 4234 ‹
205 4182 430 4273 apposuisset,
468 4199 539 4244 eam
577 4173 782 4261 Gmfformm
808 4171 972 4261 Lugduni
1004 4168 1210 4235 Batauorum
1237 4191 1260 4232 a
1293 4190 1329 4231 se

204 4313 460 4398 transumptum
491 4310 526 4372 in
543 4303 708 4394 politionem
736 4303 855 4367 emisit.
881 4299 920 4365 V
917 4297 972 4364 ide
989 4296 1141 4364 Editson.
1168 4294 1327 4384 Gaisffor·
