2967 5209
489 498 521 541 nr
547 495 671 544 ussrom
694 496 907 548 morosus.
1125 545 1127 550 ,
1192 474 1265 552 379

184 692 217 731 v.
239 668 314 733 949.
348 654 512 733 ἀθάνατον
536 662 592 734 καὶ
614 658 724 758 ἀγήρω
753 659 827 750 θῆκε
855 671 878 734 i.
908 694 936 736 e.
963 669 1163 758 participem
1183 669 1264 736 fecit

15 820 17 839 .
138 779 344 873 divinitatis,
368 780 463 844 cuius
485 791 533 845 est
554 793 693 847 naturae
714 783 893 871 proprium
916 802 985 846 non
1005 782 1122 862 modo,
1145 794 1184 846 ut
1197 784 1263 846 im·

14 920 16 955 ι
140 893 309 970 mortalis,
329 892 384 957 sed
408 892 511 957 etiam
539 904 577 957 ut
608 895 784 960 senectutis
808 916 926 981 expers
952 893 1007 958 sit.
1046 892 1144 960 (loni.
1172 893 1263 959 infra

14 1034 15 1037 ¹
140 1026 173 1068 r.
195 1004 335 1069 95511.
360 1004 396 1069 B.
420 1004 496 1071 447.
521 1004 565 1070 Θ.
591 1009 667 1073 539.
684 1007 719 1074 Ρ.
736 1008 811 1072 444.
834 1004 898 1071 od.
918 1007 956 1072 E.
982 1007 1057 1072 136.
1077 1007 1153 1073 218.
1173 1007 1214 1072 H.
1225 1006 1263 1071 in

13 1148 14 1173 ι
138 1115 214 1183 Cer.
237 1117 327 1195 242„
348 1118 452 1197 unde,
471 1120 653 1185 soeundum
672 1120 880 1217 HeracliQn
903 1143 938 1207 p.
962 1121 1026 1186 448
1049 1142 1126 1207 seq„
1149 1120 1263 1185 fabule

137 1229 179 1293 de
202 1230 322 1316 pocula
345 1230 417 1295 Diis
439 1232 654 1297 ministrante
676 1231 776 1297 Hebe.
942 1238 945 1245 '

185 1478 219 1520 v.
242 1457 427 1522 950-955.
450 1457 618 1534 Hercules,
642 1469 716 1545 post
737 1459 925 1523 exantlatos
946 1457 1075 1522 labores
1090 1457 1127 1522 in
1139 1455 1261 1544 Olym·

139 1589 225 1655 pum
243 1567 334 1632 inter
352 1568 558 1634 immortales
579 1580 747 1657 receptus,
776 1591 916 1635 uxorem
940 1569 989 1634 ibi
1010 1570 1112 1635 duxit
1135 1566 1260 1634 Hebdn.

140 1679 273 1745 Retulit
295 1679 394 1745 etiam
423 1679 521 1746 Hom.
545 1679 609 1747 Od.
633 1681 675 1745 A.
700 1683 762 1748 601
789 1704 854 1768 seq.
877 1682 970 1747 hunc
994 1681 1173 1769 mythum,
1196 1705 1262 1770 quo

139 1795 201 1859 vix
222 1795 316 1860 aliud
332 1795 515 1883 quidquam
540 1795 765 1885 significetur,
789 1818 890 1881 quam
908 1795 1085 1861 Herculem
1105 1819 1183 1860 cum
1206 1797 1262 1861 di·

138 1907 282 1973 vinitate
309 1908 413 1972 etiam
441 1910 478 1974 in
501 1919 703 1996 perpetuum
724 1896 826 1993 ἥβην,
848 1908 1076 1988 iuventutem,
1102 1931 1167 1975 esse
1187 1910 1264 1974 ede·

137 2031 248 2107 ptum.
293 2021 399 2085 Fuere
420 2013 542 2099 autem,
560 2022 620 2107 qui
635 2020 773 2109 insuper
796 2032 890 2086 natos
908 2044 951 2087 ex
963 2020 1105 2087 Hercule
1125 2034 1158 2087 et
1174 2021 1263 2087 Hebe

138 2131 260 2197 liberos
281 2145 518 2198 memorarent.
541 2132 621 2201 Vid.
645 2133 803 2220 Apollod.
828 2132 870 2200 Π.
894 2133 970 2199 Vll.
995 2136 1026 2201 7.
1051 2145 1140 2200 extr.

181 2246 231 2310 De
258 2240 363 2310 role‘to
393 2244 430 2313 in
464 2247 612 2310 Deorum
646 2267 827 2310 numerum
858 2245 1048 2333 divinisque
1077 2245 1262 2311 honoribus

137 2360 230 2422 culto
242 2358 384 2451 Hercule
404 2359 572 2445 nonnulla
586 2360 675 2424 lectu
691 2357 793 2446 digne
809 2358 911 2423 hebet
924 2358 1021 2423 Diod.
1039 2357 1103 2423 Sic.
1119 2357 1177 2424 IV.
1193 2360 1260 2436 39..

137 2473 198 2537 ubi
223 2473 386 2538 videndus
403 2473 505 2537 etiem
528 2473 729 2562 Wesseling.
1169 2502 1171 2507 ⁴

90 2774 96 2781 κ
183 2721 217 2762 v.
239 2697 304 2763 952
334 2697 458 2785 legitur
486 2698 589 2762 etiem
617 2694 681 2763 od.
704 2697 747 2761 A.
771 2698 848 2764 603.
892 2696 939 2762 Vt
965 2697 1022 2762 hic
1047 2722 1079 2763 v.
1104 2698 1180 2766 954.
1205 2689 1262 2762 ἴλ-

139 2798 214 2893 liers
236 2808 407 2887 Hercules,
438 2808 486 2874 ita
509 2809 596 2897 apud
620 2809 804 2874 Pindarum
830 2808 948 2875 Isthm.
970 2808 1028 2875 Ν.
1055 2812 1110 2876 99.
1136 2810 1262 2874 dicitur

139 2909 322 2986 κάλλιστον
336 2911 437 3006 ὄλβον
452 2909 629 3008 αἰμφνσῶν.
651 2921 745 2989 Vere.
758 2923 824 3009 954
833 2942 899 3006 seq.
913 2931 1067 2985 construe
1081 2943 1159 2986 cum
1172 2919 1260 3007 Hey·

137 3037 197 3100 nio
219 3025 254 3105 tc
277 3023 424 3105 σἰνόσσαι
447 3030 543 3123 μέγα
566 3027 660 3121 ’ἔργον
684 3024 761 3096 vecie
784 3018 816 3096 ἐν
837 3020 1059 3097 ἀθανάτοισιν.
1093 3032 1261 3099 Goettlin·

137 3147 244 3236 gium,
257 3159 505 3214 construentem
528 3135 676 3217 ἀνύσσας
700 3138 796 3233 μέγα
818 3138 913 3233 ἔργον
930 3131 963 3210 ἓν
979 3131 1186 3225 ἀθανάτοισι,
1209 3166 1261 3208 re·

137 3272 189 3325 cte
219 3262 435 3349 reprehendit
465 3260 675 3326 Hermannus
711 3260 748 3324 in
778 3258 942 3336 Censura,
976 3258 1259 3333 animadvertens,

135 3372 292 3462 ineptum
311 3396 376 3439 esse
398 3366 492 3456 ναίει,
515 3374 582 3439 nisi
602 3375 783 3440 adiicietur
798 3371 1019 3439 Habitetionis
1035 3372 1138 3435 locus.

181 3625 236 3666 vv.
259 3604 446 3671 956-962.
470 3600 558 3667 Solis
577 3602 761 3690 progenies.
786 3602 839 3667 Ex
852 3599 928 3665 Sole
946 3609 980 3663 et
996 3595 1143 3663 Perseide
1161 3593 1262 3660 Ocea-

135 3716 174 3779 ni
196 3714 269 3779 filis
291 3715 403 3803 (supro
420 3739 452 3781 v.
474 3712 564 3802 365.)
588 3713 683 3780 Circe
698 3726 733 3778 et
748 3713 862 3780 Aeetes
884 3712 929 3800 (ν.
952 3710 1017 3776 956
1035 3705 1131 3794 seq.).
1169 3705 1261 3772 Con·

135 3828 237 3892 sentit
269 3827 432 3892 Homerus
456 3825 520 3893 Od.
543 3828 584 3892 K.
611 3828 675 3892 136
693 3848 794 3912 seqq„
817 3823 882 3887 nisi
905 3822 992 3908 quod
1016 3820 1047 3885 ei
1072 3818 1159 3885 Solis
1179 3842 1260 3893 con-

134 3939 198 4002 iux
229 3963 298 4004 non
334 3926 494 4027 Περσηῒς,
528 3940 582 4004 sed
622 3929 732 4025 ssipen
760 3935 903 4009 dicitur,
933 3934 971 3998 in
989 3955 1055 4020 quo
1075 3931 1260 3997 Homerum

133 4063 262 4116 secutus
284 4064 331 4117 ert
351 4051 511 4140 Apollon.
543 4052 653 4116 Rhod.
685 4050 742 4115 Ν.
771 4052 826 4116 59.
850 4038 974 4112 Ἠέλιον
997 4032 1182 4128 ἀκάμαντα
1202 4052 1259 4106 tn-

132 4163 290 4250 dcfiessum
317 4162 436 4254 (cursu)
459 4165 526 4230 dici
549 4164 660 4230 videas
679 4165 783 4228 etiam
802 4163 842 4228 ΙΙ.
865 4163 902 4226 Σ.
927 4164 1001 4227 239.
1048 4159 1095 4225 Vt
1116 4157 1260 4224 Oceani·

87 4292 91 4299 '
133 4298 212 4340 nem
235 4272 307 4340 Soli
332 4277 508 4365 coniugem
533 4277 667 4356 darent,
690 4276 831 4342 valuisse
852 4275 915 4341 hoo
938 4284 1065 4362 potest,
1089 4271 1177 4360 quod
1201 4293 1259 4336 ne·
