2967 5209
246 458 318 534 374
676 488 918 536 commanus

244 658 394 723 Rhoden.
423 659 557 747 Ignorat
582 660 684 739 hanc,
709 671 822 726 nostro
846 659 1067 736 consentiens,
1088 655 1242 744 Hyginus
1261 678 1296 742 p.
1311 656 1373 719 11.

243 770 305 835 Ed.
326 768 415 837 Stat.
432 771 582 837 Tritonis
602 783 710 838 mater
730 771 856 838 Salacia
872 771 960 860 apud
975 769 1068 837 Serv.
1086 770 1127 834 ad
1140 768 1221 834 Aen.
1241 769 1266 833 l.
1290 769 1373 833 tta.

245 887 357 951 eadem
377 899 426 952 est
445 887 664 977 Amphitrite.
686 888 765 956 Vid.
789 887 960 954 Muncker.
980 886 1021 950 ad
1037 885 1168 973 Hygia.
1193 883 1225 948 d.
1246 884 1270 949 l.

167 984 170 989 ⁴
286 997 435 1087 Neptuni
451 1001 537 1089 apud
551 1004 652 1088 Aegas
674 992 785 1066 saura
797 988 940 1086 δώματα
948 985 1080 1083 βένθεσι
1095 989 1209 1082 liuvae
1220 990 1373 1084 χρύσεα,

241 1115 354 1199 qualia
377 1114 449 1192 hic,
474 1116 574 1179 etiam
598 1114 638 1195 ll,
664 1114 704 1180 N.
730 1116 770 1177 21
796 1136 881 1201 seqq.
905 1122 1148 1177 memorantur.

287 1358 318 1401 v.
349 1339 424 1405 933.
459 1326 592 1427 χρύσεα
612 1326 674 1424 cta)
709 1336 864 1425 Gregorii
895 1334 1051 1402 Corinth.
1078 1333 1192 1402 Codex
1215 1335 1293 1402 Vat.
1324 1334 1373 1398 de

241 1448 281 1513 D.
308 1448 347 1513 D.
373 1452 391 1537 ς
417 1452 490 1516 119.
515 1446 551 1517 ai
570 1441 746 1516 drama>
762 1438 845 1516 ’tatu
862 1436 1051 1512 αὐτῶνεῖσὶ·
1063 1433 1257 1535 γίνονταιδέ
1274 1438 1371 1510 κατὰ

243 1550 354 1641 ritae,
385 1550 592 1645 Ποσειδῶνα,
624 1550 790 1643 Ποσειδῶ,
825 1550 943 1646 δῶμα,
970 1548 1028 1626 δῶ·
1063 1550 1105 1630 ὡς
1130 1550 1187 1623 aui
1205 1546 1368 1626 Ἡσίοδος·

241 1670 374 1761 χρύσεα
396 1662 449 1739 δῶ.
495 1674 556 1741 Sed
577 1676 690 1765 potius
710 1673 900 1751 dicendum,
923 1674 1006 1738 tales
1026 1693 1188 1760 apocopae
1212 1673 1371 1759 proprias

241 1784 341 1850 fuisse
372 1788 519 1851 sermoni
549 1788 662 1852 minue
684 1786 786 1853 culto.
812 1784 911 1853 conf.
935 1786 1093 1854 Valcken.
1119 1783 1159 1847 ad
1184 1783 1307 1849 Herod.
1333 1806 1369 1870 p.

241 1900 315 1963 307.
340 1897 444 1963 Kcen.
469 1898 508 1962 ad
533 1898 670 1987 Gregor.
694 1901 719 1964 l.
742 1920 771 1962 c.

283 2148 338 2190 vv.
364 2129 552 2195 993-987.
578 2130 605 2195 E
631 2128 738 2194 Marte
757 2138 792 2191 et
811 2127 939 2193 Venere
963 2125 1108 2205 Terror,
1130 2124 1253 2201 Pavor,
1283 2123 1368 2188 Har·

239 2239 363 2304 monia.
399 2241 447 2305 De
469 2241 610 2305 Terrore
636 2250 669 2304 et
686 2240 826 2316 Pavore,
847 2237 965 2303 Martis
983 2235 1067 2301 filiis
1085 2236 1193 2314 dictis,
1210 2236 1368 2324 expedita

236 2370 289 2429 res
307 2361 364 2416 est.
411 2342 517 2436 Φόβον
545 2353 663 2418 Martis
685 2351 800 2416 filium
822 2348 979 2437 perhibet
1005 2349 1108 2414 etiam
1132 2348 1297 2414 Homerus
1323 2348 1365 2414 ll.

238 2460 278 2525 N.
303 2461 379 2527 299.
427 2463 647 2530 Harmoniam
669 2463 758 2530 lovis
780 2474 814 2527 et
836 2463 986 2528 Electrae
1007 2462 1118 2527 filiam
1138 2460 1367 2528 Samothraces

240 2568 400 2654 ferebant,
416 2576 554 2641 testibus
570 2577 717 2643 Diodoro
729 2575 795 2642 sic.
811 2576 853 2644 V.
874 2577 926 2642 48.
943 2588 977 2641 et
993 2573 1106 2642 Schol.
1119 2576 1278 2664 Apollon.
1295 2574 1362 2640 Rh.

240 2683 267 2748 I.
291 2688 366 2752 926.
413 2687 475 2755 Sed
496 2712 540 2754 ex
560 2690 688 2757 Venere
710 2701 745 2755 et
767 2689 874 2754 Marte
892 2689 1038 2777 genitam
1054 2711 1133 2752 cum
1149 2689 1289 2753 Hesiodo
1300 2687 1364 2753 Ve-

239 2806 350 2864 terum
367 2803 519 2889 plerique
538 2803 760 2869 tradiderunt.
783 2802 862 2869 Vid.
886 2800 1012 2888 Hygia.
1037 2798 1104 2866 fab.
1122 2803 1155 2868 6.
1180 2812 1214 2866 et
1228 2800 1275 2864 ibi
1290 2801 1362 2867 VV.

238 2913 308 2979 DD.
354 2913 518 2980 Fabulam
537 2915 677 3003 physice
698 2913 912 3002 interpretati
929 2925 1007 2978 sunt
1028 2913 1216 2980 Heraclides
1235 2935 1270 3001 p.
1289 2914 1362 2978 tat.

238 3024 409 3093 Plutarch.
433 3028 474 3093 de
496 3028 538 3094 Is.
564 3040 597 3095 et
618 3027 706 3094 Osir.
730 3052 758 3095 c.
784 3030 838 3094 48.
862 3029 902 3092 Τ.
927 3027 970 3092 Π.
994 3050 1028 3114 p.
1050 3030 1126 3093 3⁷0.
1150 3029 1192 3093 D.
1229 3029 1363 3094 Acom-

236 3138 355 3227 positis
375 3162 436 3227 per
459 3139 589 3207 bellum
604 3140 718 3219 rebus,
738 3152 779 3205 ut
793 3124 911 3227 Ἄρην,
934 3141 981 3205 ita
1004 3141 1113 3206 filiam
1138 3141 1208 3205 eius
1224 3140 1361 3205 Harmo-

237 3250 331 3314 niam
354 3250 479 3316 dictam
510 3252 653 3318 coniecit
685 3251 854 3318 Cornutus
873 3253 916 3317 de
938 3250 979 3318 N.
1000 3252 1040 3317 D.
1072 3275 1100 3318 c.
1126 3253 1181 3315 21.
1227 3252 1361 3340 Negan-

139 3363 145 3371 '
238 3374 296 3426 tur
309 3385 404 3428 more
423 3387 482 3428 suo
499 3362 612 3431 Schol.
634 3377 667 3430 et
689 3366 735 3432 10.
758 3365 923 3431 Diaconus
940 3366 976 3432 h.
994 3367 1018 3431 l.
1064 3366 1145 3430 Fuit
1163 3365 1361 3431 Harmoniae

237 3475 396 3564 proprius
429 3477 521 3540 locus
550 3477 588 3542 in
620 3476 788 3544 Thebanis
820 3477 962 3557 fabulis,
1000 3478 1041 3543 de
1073 3477 1196 3565 quibua
1228 3474 1359 3544 uidendi
1455 3480 1456 3483 ’

237 3588 393 3677 Apollod.
425 3588 485 3657 III.
508 3587 565 3657 IV.
598 3592 630 3659 2.
651 3591 788 3656 Pausan.
817 3591 874 3657 lx.
899 3593 951 3656 12.
971 3592 1170 3658 Plutarchus
1192 3593 1230 3657 in
1247 3593 1355 3678 Pelup.

236 3726 266 3767 c.
290 3705 341 3769 19.
389 3703 503 3788 Itaque
525 3702 684 3791 suspicari
708 3703 805 3769 liceat
815 3751 830 3791 ,ς
855 3705 1018 3791 mythum
1048 3706 1089 3770 de
1116 3705 1296 3771 Harmonia
1315 3726 1357 3768 ex
1452 3740 1453 3747 .

237 3815 344 3914 Martae
366 3827 399 3881 et
420 3816 550 3882 Venere
569 3827 646 3880 nata
666 3827 781 3880 ortum
802 3816 935 3882 duxiase
955 3840 996 3882 ex
1014 3817 1199 3904 composito
1218 3838 1278 3904 per
1291 3838 1355 3879 nu·

235 3930 323 4018 ptias
348 3931 453 4006 bello,
479 3932 588 3997 nescio
610 3955 653 3997 an
679 3931 759 4010 illo,
783 3932 871 4017 quod
897 3932 1054 3998 Phoenici
1079 3933 1240 4010 advenae,
1264 3929 1356 3996 fabu-

235 4047 344 4111 larum
368 4045 511 4120 Gadmo.
535 4047 698 4112 suiacum
722 4046 886 4134 indigenis
908 4047 999 4130 (Vid.
1024 4047 1161 4112 Pausan.
1179 4046 1261 4111 ibid.
1280 4068 1306 4110 c.
1324 4049 1354 4112 5.

235 4158 414 4246 Dercyllus
431 4160 519 4247 apud
540 4156 649 4224 Schol.
672 4160 711 4223 ad
734 4161 852 4247 Eurip.
879 4160 1000 4226 Phoen.
1020 4182 1062 4223 fv.
1088 4162 1118 4224 7.
1142 4159 1354 4247 Palaephatus

234 4298 260 4337 c.
288 4271 350 4362 7.),
384 4272 471 4338 unde
506 4270 686 4345 Harmonia
715 4273 804 4337 dicta
829 4295 917 4339 uxor
944 4272 1062 4339 Cadmi
1091 4272 1135 4361 (v.
1159 4274 1235 4338 937.
1267 4267 1351 4335 infra
