2967 5209
495 503 526 548 ia
552 503 676 553 ansioni
699 504 913 555 rsaocoauu.
1196 480 1268 554 279

63 660 72 669 ⁸
191 695 245 739 vv.
272 672 445 741 tau-425
474 675 578 740 altera
602 698 698 743 causa
716 676 863 756 additur,
887 698 948 742 cur
968 699 1132 742 unacum
1152 677 1268 742 ceteris

143 787 217 857 Diis
242 809 373 878 semper
397 787 581 855 invocanda
604 789 649 855 sit
676 789 808 870 Hecata;
843 790 933 878 quod
956 789 1185 859 Vranidarum
1211 811 1266 854 seu

142 900 307 967 Titanum
334 900 451 967 nullus
470 901 619 989 aliquam
646 914 843 992 potestatem
865 914 980 969 nactus
1000 915 1065 984 est,
1089 903 1173 992 quin
1191 926 1268 969 ean·

142 1015 220 1081 dem
243 998 342 1081 uictu
363 1013 465 1081 etiam
487 1025 583 1081 nacta
605 1015 650 1081 sit
676 1016 813 1095 Hecate,
837 1039 894 1082 seu
918 1017 1024 1105 quod,
1048 1038 1193 1104 quarum
1211 1037 1268 1079 re-

142 1149 224 1191 rum
246 1137 390 1214 potestas
411 1126 501 1193 inter
519 1150 572 1194 eos
589 1127 697 1195 divisa
715 1125 803 1208 fuit,
822 1150 894 1193 eam
916 1150 984 1194 una
1005 1129 1186 1195 indivisam
1204 1129 1268 1194 ha·

142 1238 215 1318 bct,
240 1249 404 1305 retentam
427 1239 529 1304 etiam
550 1239 612 1305 sub
634 1239 721 1306 love.

188 1487 221 1529 v.
257 1466 319 1531 tao
352 1486 438 1552 seqq.
473 1451 553 1546 ool,
577 1455 628 1532 irs
651 1458 845 1553 μουνογενὴς
867 1484 898 1533 tt
920 1485 953 1530 r.
977 1454 1035 1552 lt)-
1062 1465 1174 1552 Nalue
1196 1465 1270 1529 ideo

143 1578 259 1643 minus
286 1575 425 1644 honoris
452 1575 574 1665 obtigit
591 1578 639 1657 ei,
661 1579 751 1665 quod
773 1589 821 1644 est
846 1578 1020 1666 unigenita
1051 1574 1154 1666 (conf.
1181 1575 1270 1642 infra

144 1717 177 1757 v.
203 1689 308 1783 lid),
331 1691 483 1777 quodque
506 1691 552 1756 sic
573 1693 687 1759 nullos
707 1691 809 1756 habet
831 1690 969 1771 frames,
993 1692 1055 1779 qui
1079 1692 1179 1757 illam
1207 1701 1270 1755 tu·

141 1816 264 1871 eantur
295 1800 397 1893 (conf.
414 1786 509 1891 Ἔργ.
533 1801 759 1891 376-380.),
778 1803 886 1870 immo
906 1788 1017 1869 multo
1034 1805 1113 1892 plus
1134 1802 1273 1899 honoris

142 1917 199 1985 illi
222 1916 362 2004 obtigit,
385 1917 474 2003 quod
497 1916 628 2004 Iupiter
649 1939 724 1983 cam
746 1915 902 1982 honorat.

189 2027 323 2095 Citatur
341 2051 455 2095 versus
476 2028 513 2094 in
538 2027 682 2094 Sc'holiis
701 2029 742 2094 ad
766 2029 846 2095 haec
864 2026 1041 2115 Apollonii
1060 2026 1188 2093 Rhodii
1210 2027 1271 2093 ΙΙΙ.

145 2145 243 2208 1035.
268 2139 369 2207 verba
390 2133 569 2230 μουνογενῆ
594 2129 626 2207 d'
648 2129 790 2220 Ἑκάτην
813 2127 990 2228 [ispalim

188 2253 286 2341 Quod
305 2253 346 2318 ab
368 2253 509 2319 Hesiodo
532 2253 583 2319 bis
597 2253 805 2330 inculcatur,
827 2254 972 2321 Hecaten
993 2275 1060 2318 esse
1081 2244 1273 2338 μουνογενῆ,

143 2370 209 2435 hoc
235 2366 442 2455 Goettlingio
465 2378 621 2456 apertum
642 2377 690 2433 est
714 2366 900 2446 indicium,
926 2367 1058 2433 illatam
1081 2388 1147 2432 esse
1171 2364 1275 2431 Heca·

143 2492 201 2547 ten
223 2479 266 2544 ab
282 2478 441 2568 Orphicis
463 2479 621 2566 antiquae
640 2478 868 2567 Theogoniae,
892 2503 912 2544 a
931 2503 997 2567 qua
1016 2482 1170 2546 multum
1189 2476 1275 2544 absit

144 2592 227 2659 haec
255 2614 364 2657 unum
389 2613 517 2692 numen
546 2591 745 2679 procreandi
769 2592 868 2657 ratio.
923 2592 1052 2658 Verum
1080 2593 1276 2658 enimvero

82 2766 86 2774 .
116 2685 124 2698 ⁹
145 2703 248 2773 habet
265 2704 378 2771 cadem
400 2703 480 2769 hacc
505 2703 641 2791 antiqua
666 2703 859 2792 Theogonia
882 2704 1073 2784 Palladem,
1099 2703 1275 2791 Proserpi·

145 2840 244 2895 nam,
263 2816 483 2895 Mercurium,
506 2816 591 2883 alios
610 2810 824 2905 μουνογενής.
857 2816 954 2900 Quod
974 2830 1087 2883 sutem
1107 2839 1210 2905 pono
1227 2816 1276 2880 ait

146 2929 385 3018 Goattlingius,
402 2919 599 3018 μουνογενὴς
613 2929 755 2994 verbum
769 2952 836 2995 esse
849 2929 891 2994 ab
904 2928 1064 3017 Orphicis
1083 2930 1125 2994 de
1143 2927 1276 2995 Pallade

145 3053 180 3108 et
200 3042 415 3130 Proserpina,
438 3063 522 3128 quaa
543 3042 615 3129 ipsa
639 3042 794 3107 videatur
817 3063 883 3106 esse
901 3041 1039 3120 Hecate,
1062 3052 1277 3128 usurpatum,

146 3152 255 3220 fatcor
272 3154 436 3242 squidem,
448 3154 617 3221 Palladem
632 3165 666 3219 et
682 3153 915 3241 Proserpinam
935 3152 973 3217 in
988 3152 1134 3239 Hymnis
1147 3151 1276 3240 Orphi·
1296 3236 1298 3243 y

145 3267 194 3332 cis
214 3267 260 3331 sic
275 3267 353 3345 dici,
377 3268 443 3345 sad,
469 3278 528 3333 aut
551 3267 767 3333 vehementer
790 3262 906 3344 fallor,
925 3278 984 3331 aut
1005 3266 1113 3343 video,
1134 3265 1211 3332 illas
1227 3266 1275 3331 ibi

146 3379 244 3444 velut
273 3380 501 3446 commendari
528 3380 591 3444 hoc
615 3377 785 3466 epitheto,
815 3377 904 3462 quod
928 3379 1027 3466 longe
1056 3400 1144 3443 secus
1172 3379 1277 3443 estin

146 3493 211 3556 hoc
234 3493 322 3557 loco.
630 3484 635 3493 ’

195 3740 227 3782 ν.
253 3716 315 3781 427
340 3715 377 3780 in
402 3715 556 3783 insititiis
577 3736 644 3781 csse
667 3724 867 3781 censuerunt
895 3714 1046 3800 Heynius
1064 3722 1098 3780 et
1117 3715 1278 3791 Wolflus,

149 3828 287 3894 uncinis
303 3827 467 3893 inclusere
487 3825 657 3895 Gaisford.
675 3837 707 3893 et
728 3823 886 3893 Dindorf.
919 3823 1004 3891 Sane
1024 3827 1281 3897 constructionis

11 4024 14 4035 Ι
149 3937 348 4018 difficultas,
372 3940 534 4027 adquam
557 3937 1281 4026 offenderuntVV.DD.,nonplanatolli·
1407 4022 1410 4029 Ι

150 4067 212 4117 tur
230 4053 362 4121 ratione
380 4051 519 4140 Guyeti,
538 4051 578 4119 ad
597 4046 698 4139 γέρας
718 4074 764 4119 ex
781 4049 995 4138 praecedente
1013 4071 1110 4115 versu
1134 4050 1280 4137 intelligi

153 4163 302 4230 iubentis
334 4149 444 4246 ἧσσον·
477 4187 555 4242 nec,
577 4164 665 4251 quod
687 4165 726 4233 L.
751 4163 887 4231 Barlaco
912 4161 1059 4248 placuit,
1084 4183 1150 4226 esse
1175 4175 1284 4250 potest

156 4268 259 4364 γέρας
281 4299 340 4363 pcr
362 4276 547 4365 antiptosin
569 4276 698 4341 dictum
725 4300 786 4362 pro
809 4266 936 4362 γέραος.
983 4272 1209 4362 Goattlingius
1231 4277 1282 4341 iu·
