2967 5209
476 510 506 555 ru
533 510 658 557 nnsroot
683 509 897 557 runocosnu.
1189 481 1262 557 283

179 681 297 747 Exstat
328 667 508 762 βουκολόυο
539 680 784 747 substantivum
815 682 916 748 etiam
946 681 1044 746 Hom.
1065 681 1206 767 Hymne
1223 682 1261 745 in

134 792 235 859 Mete.
261 813 295 856 v.
319 791 395 857 489.
420 803 454 857 et
473 794 561 880 opud
583 793 740 882 Apollcn.
770 793 837 859 Rh.
858 793 885 858 Ι.
908 794 983 857 627.

145 1038 148 1045 ’
177 1039 213 1081 v.
236 1015 314 1082 4⁵0.
338 1013 498 1081 Pristinus
516 1016 658 1081 honores
676 1016 810 1085 Hecates
820 1019 1033 1097 confirmans,
1052 1017 1182 1106 Iupiter·
1199 1017 1263 1082 hoc
1344 1011 1347 1018 ’

133 1150 262 1194 novum
285 1127 317 1192 ei
338 1120 439 1216 γέρας
459 1127 627 1205 concessit,
649 1140 688 1194 ut
705 1142 787 1195 esset
808 1120 1025 1219 κουροτρόφος
1043 1120 1183 1219 (τούτων
1197 1119 1263 1194 τῶν

133 1227 267 1327 κούρων)
288 1240 348 1326 qui
366 1250 441 1328 post
462 1240 560 1307 illem
580 1239 657 1329 (hcc
676 1265 818 1309 munere
837 1240 1004 1330 ornatum)
1029 1241 1190 1308 nascituri
1211 1263 1263 1305 es·
1318 1246 1321 1252 '

134 1363 220 1418 sent.
257 1341 362 1439 Βριμὼ
386 1341 603 1439 κουροτρόφον
624 1353 716 1420 dixit
736 1356 840 1422 etism
857 1354 1095 1444 Apollonllh.
1109 1354 1170 1419 ΙΙΙ.
1182 1352 1260 1421 861.

184 1601 217 1644 v.
242 1579 305 1645 452
331 1578 463 1645 uncinis
486 1579 626 1646 inclusit
649 1580 817 1660 wolfius,
844 1594 883 1647 ut
911 1580 1041 1648 Gallica
1062 1580 1174 1647 hieme
1194 1577 1264 1646 sri-

137 1691 302 1780 gidicrem
322 1701 356 1756 et
374 1689 612 1759 miserabiliter
629 1692 886 1761 claudicantem.
919 1693 1065 1761 Vncinns
1083 1713 1265 1780 apposuere

135 1802 242 1869 etiam
262 1799 368 1870 Geisf.
398 1814 432 1868 et
453 1800 610 1871 Dindcrf.
640 1802 847 1894 Goettlingio
866 1806 955 1872 mire
972 1805 1104 1870 dictum
1129 1804 1265 1869 videtur

89 1990 93 1999 ¹
135 1904 174 1982 αἳ
195 1904 233 1983 δέ
247 1933 287 1980 τε
308 1901 419 2001 raptui,
441 1927 539 2003 etque
561 1937 599 1981 eo
622 1918 848 2009 excogitatum
867 1916 1019 1996 consilio,
1045 1928 1085 1983 ut
1105 1916 1266 1983 transitus

137 2040 314 2118 pararetur
340 2031 381 2096 nd
416 2029 601 2116 sequentia,
627 2053 710 2116 quae
736 2044 816 2098 sunt
838 2055 915 2099 vere
935 2032 1093 2099 Hesiodea
1124 2052 1266 2118 »exspe-

136 2141 248 2209 ctabas
265 2144 395 2222 saltem,
416 2142 474 2220 ait,
498 2126 571 2206 οἶόδε
590 2158 628 2205 τε
648 2137 780 2227 τιμοό.”
803 2144 961 2212 Probavit
976 2145 1040 2211 hoc
1054 2143 1267 2210 Hermannus

136 2256 177 2320 in
207 2254 302 2323 Cens.
333 2254 459 2322 Goettl.
505 2251 595 2318 Mihi
619 2256 724 2344 magis
742 2258 941 2344 scrupulum
964 2255 1046 2322 fecit
1074 2245 1191 2325 otrus
1212 2241 1265 2336 ἒξ

136 2354 286 2457 ἀρχῆς
316 2358 549 2457 κουροτρόφου,
576 2370 789 2460 praecedente
822 2363 931 2449 Θῆκε
965 2355 1006 2435 δέ
1036 2387 1092 2454 μου
1121 2354 1266 2452 Κρουὶόηο

138 2470 365 2569 κουροτρόφου.
417 2482 575 2550 Ceterum
607 2505 740 2550 versum
772 2481 897 2571 Scripti
928 2504 1042 2548 omncs
1071 2492 1104 2546 et
1132 2479 1267 2546 Scholia

138 2605 332 2682 agnoscunt.

184 2706 260 2772 Post
278 2706 372 2772 hunc
397 2730 531 2774 versum
550 2712 668 2776 lacuna
686 2709 902 2775 videturesse
920 2709 1118 2774 Thierschio
1139 2708 1180 2772 de
1202 2706 1267 2771 lle·

136 2819 232 2885 sicdc
257 2842 291 2908 p.
315 2821 358 2886 23
376 2842 461 2907 seq.,
484 2823 634 2888 nondum
656 2821 749 2887 cnim
766 2822 807 2886 de
827 2819 931 2888 Croni
949 2821 1113 2909 regimine
1132 2818 1267 2906 exposi-

137 2945 216 2997 tum
236 2954 312 2997 esse.
358 2931 421 2999 Sed
437 2935 621 2999 tenendum
640 2945 698 3013 est,
721 2934 828 3021 magis
848 2934 1076 3021 Theogoniam
1094 2933 1149 2999 hic
1166 2930 1265 3006 tradi,

136 3066 241 3131 quam
273 3046 420 3110 Deorum
453 3046 644 3112 historiam.
689 3045 775 3112 Haec
803 3044 913 3110 obiter
937 3056 1072 3109 tantum
1098 3042 1266 3117 infertur,

137 3170 252 3246 estque
272 3160 318 3225 sic
336 3158 446 3225 obiter
462 3161 505 3226 de
522 3159 626 3227 Croni
645 3159 810 3248 regimine
827 3160 956 3227 mentio
967 3158 1053 3224 facta
1070 3182 1104 3224 r.
1124 3161 1188 3224 395
1199 3172 1266 3242 seq.

228 3273 233 3305 Ι
844 3267 849 3281 .

185 3407 219 3448 v.
241 3385 305 3450 453
326 3408 412 3474 seqq.
437 3386 552 3478 Veteri
572 3385 735 3451 Titanum
755 3385 912 3473 religioni
933 3385 1085 3451 successit
1108 3385 1146 3451 in
1162 3383 1268 3450 Grue-

137 3499 191 3563 cie
216 3499 363 3563 eliomm
390 3499 509 3587 religio
535 3500 702 3578 Deorum,
731 3519 877 3583 quorum
899 3495 1056 3584 princeps
1083 3494 1268 3561 habebatur

139 3611 281 3698 Iupiter.
328 3611 372 3675 Hi
401 3611 563 3676 Titanum
592 3633 786 3677 successores
807 3609 850 3674 ob
869 3609 905 3675 id
927 3609 1040 3698 ipsum
1064 3608 1180 3674 haberi
1203 3630 1268 3694 po-

138 3736 279 3790 tuerunt
297 3724 460 3790 Titanum
482 3726 627 3813 posteri,
656 3724 791 3811 dicique
812 3722 966 3810 mythico
986 3743 1139 3786 sermone
1155 3720 1269 3807 potuit

138 3837 300 3903 Titanum
323 3838 497 3925 princeps,
521 3837 667 3916 Crcnus‚
689 3861 707 3901 a
729 3837 810 3901 tilio,
826 3858 901 3914 suo,
929 3857 1096 3900 novorum
1121 3834 1267 3899 Deorum

137 3952 307 4040 principe,
333 3950 410 4017 love
428 3962 600 4039 superatus
621 3949 721 4015 fuisse
740 3973 778 4013 ac
799 3948 893 4016 Coeli
914 3970 1015 4035 regno
1035 3947 1190 4013 deiectus.
1218 3945 1270 4011 Ab

138 4065 280 4130 Hesiodo
311 4077 544 4149 memorantur
576 4063 737 4130 Titanum
770 4061 936 4152 principis
967 4060 1073 4127 Croni
1094 4058 1269 4146 Rhenoque

140 4178 250 4254 liberi,
279 4190 410 4265 praeter
430 4179 560 4255 lovem,
580 4177 795 4264 Neptunum,
816 4176 1004 4253 Plutonem,
1023 4173 1271 4262 potentissimos

142 4292 243 4369 Deos,
268 4291 332 4355 tria
357 4291 510 4357 Vniversi
532 4314 631 4376 regna
652 4292 804 4365 sortitos,
830 4273 951 4369 Ἰοτόορ,
975 4273 1148 4375 Δημήτηρ,
1166 4276 1271 4371 Ἥρη,
