2967 5209
280 485 352 559 246
556 495 559 499 ’
722 512 965 561 comeranus

325 684 363 747 ln
383 683 534 749 Echidna
557 696 679 762 autem,
701 686 857 751 suadente
878 686 949 772 ipso
968 684 1114 761 nornine,
1135 683 1329 770 praesertim
1348 697 1390 748 te·

279 795 387 861 nenda
406 808 454 863 est
470 799 631 885 serpentis
641 799 745 876 notio,
765 798 818 863 sed
836 799 949 886 magni
967 809 999 862 et
1016 795 1237 875 formidandi,
1250 796 1389 884 qualibus

278 909 442 996 portentis
462 910 640 975 abundasse
663 911 797 977 videtur
811 909 966 996 antiquus
980 908 1071 974 orbis
1084 908 1188 975 etiarn
1200 909 1242 974 iis
1254 909 1291 973 in
1308 909 1388 986 locis,

277 1018 336 1083 ubi
357 1041 450 1087 nunc
468 1042 538 1085 non
553 1021 700 1109 amplius
718 1022 887 1088 visuntur.
912 1022 1026 1108 Itaque
1046 1022 1225 1108 complura
1243 1021 1284 1086 de
1295 1022 1334 1085 iis
1346 1042 1389 1087 ra·

278 1132 366 1199 serre
386 1145 571 1223 potuerunt
593 1135 635 1200 ab
648 1134 773 1202 Oceani
789 1136 905 1200 littore
925 1146 958 1200 et
973 1135 1138 1223 Hesperiis
1157 1134 1266 1222 plagis
1280 1133 1389 1201 reversi

277 1246 455 1313 Phoenices
477 1248 580 1313 aliive
604 1260 742 1313 nautae:
767 1248 822 1313 sed
843 1249 939 1313 illata
958 1259 1006 1313 est
1027 1247 1151 1312 similis
1172 1248 1211 1313 in
1230 1246 1388 1313 Graeciam

276 1360 379 1427 etiam
408 1382 452 1426 ex
479 1360 607 1427 Arimis
636 1360 678 1425 ab
707 1360 846 1427 Oriente
868 1359 958 1425 fama
985 1372 1018 1426 et
1047 1382 1126 1425 vero
1155 1359 1277 1425 habuit
1299 1359 1387 1424 etiarn

277 1472 415 1539 Graecia
431 1473 619 1561 antiquitus
639 1497 712 1539 suos
731 1475 887 1540 dracones
909 1485 942 1540 et
960 1457 1136 1555 Echidnae,
1156 1485 1246 1549 certe
1267 1472 1388 1537 Graecas

275 1586 316 1651 de
338 1586 381 1650 iis
410 1586 616 1651 traditiones.
670 1585 768 1673 Quod
796 1598 908 1651 autem
938 1596 1165 1651 monstrosum
1192 1608 1228 1649 ac
1253 1584 1388 1650 terribile

275 1710 357 1763 esset
375 1697 439 1762 hoc
456 1719 569 1786 genus,
591 1722 629 1762 eo
650 1700 722 1787 ipso
740 1700 852 1767 uisum
876 1709 924 1762 est
943 1698 1161 1763 divinitatem
1188 1696 1321 1773 habere,
1342 1693 1386 1758 cui

274 1831 474 1896 consequens
493 1807 571 1887 fuit,
599 1823 636 1874 ut
658 1812 728 1877 eius
748 1834 878 1899 quoque
897 1812 935 1875 in
947 1810 1139 1898 Theogonia
1161 1812 1249 1875 ratio
1265 1809 1386 1875 habere·

273 1932 344 1987 tur.
389 1923 503 2009 Itaque
516 1925 600 2002 Dea,
626 1911 688 2003 lein
713 1935 759 2014 (v.
771 1922 872 2013 297.)‚
895 1922 1079 1989 informata
1097 1935 1147 1989 est
1165 1924 1385 2000 Echidnaeae

274 2034 416 2122 proinde
447 2048 517 2102 tota
545 2060 695 2125 serpens,
731 2038 788 2101 sed
818 2059 882 2125 pro
909 2048 1005 2124 parte
1036 2035 1199 2124 Nympha
1233 2027 1386 2108 ἑλικῶπις,

275 2138 502 2236 καλλιπάρῃος
527 2150 571 2239 (v.
595 2152 671 2218 298.
689 2148 782 2235 307.)
805 2151 983 2235 eademque
1005 2136 1173 2220 diuisurus
1185 2141 1241 2213 aul
1259 2136 1384 2234 ἀγήραος

275 2263 320 2351 (v.
343 2260 447 2350 305),
465 2287 483 2329 a
504 2287 570 2352 qua
590 2265 720 2331 diversa
739 2265 847 2352 igitur
868 2264 1018 2329 habenda
1040 2275 1089 2329 est
1111 2250 1296 2329 memorata
1310 2257 1383 2346 apud

270 2377 428 2464 Apollod.
463 2377 561 2444 11.1.
593 2379 613 2440 2
645 2389 734 2443 extr.
763 2376 896 2441 Tartari
928 2400 964 2441 ac
989 2377 1111 2441 Terrae
1133 2376 1209 2442 filia
1230 2372 1382 2445 Echidna,

271 2510 374 2575 quam
396 2489 435 2554 in
456 2490 596 2554 Arcadia
621 2489 743 2555 occidit
765 2490 872 2576 Argus
891 2490 1062 2578 Panoptes.
1110 2490 1152 2554 Iu
1167 2488 1318 2556 Hesiodea
1335 2505 1382 2547 au·
1439 2550 1440 2555 ,

271 2612 341 2667 tem
360 2601 543 2667 traditione
556 2614 710 2690 apparet,
729 2603 920 2689 quaesitum
934 2624 1000 2666 esse
1017 2625 1148 2668 nexum
1164 2605 1253 2668 inter
1271 2598 1382 2669 fabulas

271 2713 460 2802 Hesperias,
481 2735 526 2778 ex
544 2712 672 2779 Arimis
686 2715 845 2779 Asiaticas
863 2724 897 2778 et
913 2713 1061 2782 Graecas.
1108 2715 1224 2802 ltaque
1240 2732 1327 2779 soror
1338 2706 1381 2772 vel

271 2827 375 2892 amite
410 2826 562 2892 Echidna
597 2826 740 2914 fingitur
767 2825 951 2912 Geryonis,
986 2838 1151 2913 natusque
1180 2849 1223 2892 ex
1253 2847 1287 2890 ea
1307 2820 1381 2885 cauis

271 2941 418 3006 eiusdem
439 2940 569 3008 Orthus
592 2940 638 3029 (v.
666 2940 773 3028 309.);
807 2952 841 3004 at
873 2962 968 3017 vero,
1000 2940 1061 3005 ubi
1084 2939 1156 3027 ipsa
1181 2918 1331 3025 tanquain
1350 2932 1396 2994 in¹

268 3055 418 3120 custodia
437 3055 585 3142 degeret,
609 3053 799 3141 adsignatus
821 3053 853 3117 ei
873 3053 1021 3117 Deorum
1038 3053 1214 3118 voluntate
1231 3044 1377 3138 specusiss

271 3167 398 3232 Arimis
422 3165 468 3255 (v.
483 3170 559 3232 301.
583 3163 683 3255 305.),
708 3189 790 3253 quos
812 3187 878 3230 esse
897 3164 1019 3231 Cilicas
1034 3167 1213 3231 Aramaeos
1226 3162 1300 3228 satis
1313 3177 1376 3221 con·

269 3289 334 3343 stat
351 3301 394 3342 ex
409 3277 571 3344 Strabone
591 3279 684 3343 XIII.
707 3301 743 3366 p.
761 3280 848 3358 626,
873 3279 1015 3342 maritus
1028 3299 1160 3363 quoque
1178 3278 1208 3341 ei
1224 3276 1313 3339 datus
1324 3266 1376 3331 ibi·

268 3391 346 3455 dem
367 3391 485 3479 degens
503 3393 585 3478 (vid.
603 3392 645 3456 ll.
660 3392 697 3458 Β.
715 3394 791 3457 783.
810 3391 944 3457 Pindar.
964 3389 1021 3456 Ol.
1040 3390 1164 3456 IV.11.
1186 3387 1282 3476 Pyth.
1295 3384 1319 3447 l·
1331 3378 1374 3444 32·

229 3482 234 3487 ’
267 3504 400 3591 naga.
414 3501 535 3569 xant.
548 3500 703 3590 roecke.)
713 3503 881 3590 rypaaon
891 3528 916 3569 s.
925 3503 1108 3590 Typhoeus
1117 3497 1254 3592 (saus.)
1265 3495 1375 3561 anses

268 3615 484 3684 Chimaeram
491 3617 634 3704 suscepit
644 3615 690 3705 (v.
699 3615 800 3705 319.),
815 3617 942 3681 vicinae
949 3617 1076 3682 Arimis
1084 3617 1206 3704 Lyciae
1217 3622 1372 3678 terrorem;

247 3760 250 3769 ·
266 3730 320 3794 sed
335 3731 407 3795 nati
420 3752 551 3816 quoque
565 3752 609 3795 ex
622 3753 670 3809 ea,
687 3730 893 3796 Graecorum
908 3728 1033 3794 fabulis
1048 3728 1227 3807 notissimi,
1240 3715 1373 3791 Plutonis

265 3843 355 3907 canis
372 3842 534 3909 Cerberus
551 3844 595 3931 (v.
610 3840 785 3931 310seqq.)
800 3855 832 3907 et
848 3843 963 3928 Hydra
980 3845 1124 3909 Lernaea
1143 3843 1189 3933 (v.
1200 3824 1369 3917 313seqq·)·

309 4092 340 4131 V·
363 4071 439 4135 297·
464 4057 799 4159 critittyanoopqi)
823 4068 996 4135 Callirhoe
1017 4067 1192 4145 Oceanitis,
1215 4085 1273 4153 pro
1290 4070 1368 4120 mult

263 4204 377 4246 earum
400 4184 438 4247 in
461 4207 558 4272 specu
574 4186 709 4272 degens,
738 4184 788 4248 ibi
812 4185 943 4271 peperit
966 4184 1171 4261 Echidnam,
1194 4178 1246 4245 cui
1266 4163 1367 4237 deinde

262 4294 302 4357 ad
326 4294 547 4395 habitandum
573 4297 638 4361 elia
665 4297 833 4382 adsignata
856 4309 903 4361 est
926 4299 963 4362 in
988 4298 1114 4363 Arimis
1136 4295 1292 4383 spelunca.
