2967 5209
275 478 348 553 320
713 505 951 555 corruerimus

275 685 356 749 tales
378 658 592 772 repetitiones
612 684 655 749 66
671 685 797 752 horum
815 690 992 776 poetarum
1011 700 1115 755 aetate
1132 700 1166 755 et
1184 688 1325 777 ingenio
1339 686 1402 754 mi·

185 860 187 869 ,
275 797 367 863 nime
384 798 506 864 alienes
526 809 685 864 censente.
839 793 842 799 ’

318 1047 373 1091 vv.
413 1025 587 1091 636-637
624 1024 803 1091 manifesto
842 1025 978 1113 respicit
1014 1023 1125 1091 Schol.
1161 1026 1201 1091 ad
1235 1023 1398 1113 Aeschyli

273 1137 384 1204 Prom.
408 1161 441 1203 v.
460 1139 546 1215 349,
570 1149 610 1202 ut
622 1137 705 1203 item
720 1159 821 1226 supra
840 1160 897 1205 vv»
917 1139 1114 1215 eol-506,
1135 1136 1195 1202 ubi
1215 1139 1257 1203 de
1277 1137 1397 1226 Cyclo·

254 1293 256 1297 .
273 1249 389 1338 pibus,
412 1272 446 1315 v.
466 1250 532 1315 624
545 1272 644 1339 seqq,
659 1251 718 1315 ubi
738 1250 780 1316 de
802 1249 1010 1317 Centimenis
1023 1249 1066 1314 66
1077 1249 1154 1315 Iove
1166 1250 1205 1315 in
1223 1251 1395 1315 auxilium

273 1361 434 1429 adsumtis
455 1361 589 1450 agitu1·,·
602 1374 636 1428 et
657 1362 750 1428 infra
771 1388 804 1431 v.
824 1365 889 1430 638
904 1384 1002 1450 seqq„
1022 1361 1083 1427 ubi
1104 1375 1219 1428 nectar
1234 1364 1280 1429 iis
1297 1385 1392 1452 prae-

273 1474 402 1552 bitum,
426 1484 459 1540 et
476 1486 585 1540 secuta
602 1476 685 1541 hino
705 1476 794 1541 Iovis
811 1498 864 1540 eos
883 1475 923 1540 ad
939 1497 1087 1563 pugnem
1106 1474 1276 1539 hortantis
1290 1474 1392 1539 oratio

273 1598 496 1665 memoretur,
529 1586 672 1674 denique
703 1590 816 1653 locum
845 1610 878 1653 v.
903 1587 969 1655 674
989 1609 1095 1674 seqq„
1120 1587 1158 1651 in
1180 1608 1247 1674 quo
1269 1609 1391 1683 pugnae

273 1689 365 1781 μετὶι
387 1689 501 1786 κρότου
523 1700 716 1764 commissae
729 1721 967 1788 versorumque
980 1699 1018 1764 in
1036 1698 1152 1787 fugem
1173 1711 1207 1765 et
1228 1717 1392 1785 καταταρ-

273 1797 471 1897 repellerer
493 1810 655 1875 Titanum
676 1811 806 1877 mentio
828 1811 880 1876 fit.
1007 1797 1011 1802 ’

316 2059 349 2103 v.
372 2038 449 2103 636.
473 2023 555 2101 δέκα
570 2026 701 2108 πλείους
717 2023 899 2122 ἐνιαυτοὺς)
921 2036 1035 2122 Itaque
1054 2036 1197 2100 totidem
1216 2059 1253 2101 ae
1272 2056 1390 2124 pugna-

272 2161 349 2214 tum
371 2150 411 2215 ed
435 2150 582 2228 Troiam,
606 2149 700 2213 ouius
723 2147 860 2214 fortasse
881 2150 932 2214 rei
954 2149 1118 2214 memoria
1139 2151 1277 2237 politam
1299 2148 1388 2214 indu·

272 2262 345 2341 xit,
368 2275 409 2327 ut
430 2263 522 2327 huno
544 2284 727 2328 numerum
750 2285 917 2328 annorum
939 2272 1089 2350 poneret.

317 2511 350 2553 v.
368 2490 444 2554 638.
468 2473 538 2552 ἴσον
562 2475 712 2556 δὲτέλος
732 2477 857 2549 τέτατο
877 2475 1087 2572 πτολέμοιο)Ι
1100 2487 1199 2575 Apud
1213 2486 1386 2551 Homerum

275 2599 316 2665 Il.
337 2598 389 2666 0..
406 2602 480 2665 413.
505 2600 611 2665 simili
631 2598 794 2665 sententia
820 2598 947 2663 dicitur
968 2587 1026 2664 ἐπὶ
1047 2584 1108 2664 ἶσα
1129 2587 1236 2689 μάχη
1256 2591 1388 2676 τέτατο,

273 2701 437 2795 πτόλεμός
462 2729 509 2778 τε.
555 2713 641 2778 Nem
665 2703 766 2782 ,τέλος
789 2701 948 2794 πολέμοιο
970 2713 1062 2779 nihil
1090 2713 1184 2779 aliud
1209 2723 1275 2791 est,
1297 2732 1386 2800 quam

224 2906 227 2915 Ι
271 2814 436 2911 πόλεμος,
459 2822 606 2905 bellum,
631 2825 719 2913 quod
742 2824 871 2913 agitur,
895 2825 1077 2913 peragitur.

315 3077 348 3120 v.
370 3055 436 3119 669
456 3074 541 3140 seqq.
569 3054 710 3142 Iupiter,
731 3075 810 3118 oum
828 3052 920 3117 lrahi
942 3051 1072 3146 bellurn
1098 3051 1236 3134 videret,
1258 3053 1386 3116 Terram

94 3220 98 3233 .
181 3230 186 3233 ,
271 3166 406 3232 deeius
434 3177 557 3233 eventu
587 3166 774 3244 consuluit,
800 3187 883 3252 quse
910 3164 1074 3229 victorem
1102 3164 1217 3251 ipsum
1238 3162 1385 3228 futurum

271 3298 337 3342 esse
363 3278 471 3360 dixit,
502 3279 531 3342 si
559 3279 662 3343 socios
685 3277 893 3344 adsumsisset
916 3276 1091 3343 Briareum
1109 3287 1142 3341 et
1163 3274 1294 3343 fratres.
1317 3272 1383 3338 Vid.

193 3475 196 3482 1
262 3410 372 3476 supra
399 3413 431 3454 v.
464 3391 529 3454 626
550 3412 636 3476 seqq.
661 3388 753 3455 infra
778 3390 843 3454 646
861 3411 947 3476 seqq.
975 3390 1131 3477 Apollod.
1155 3391 1180 3455 1.
1206 3412 1235 3455 o.
1283 3389 1385 3474 Itaque

272 3501 429 3567 liberatos
455 3502 602 3567 vinculis
626 3501 840 3568 Centimanos
865 3502 995 3590 Iupiter
1023 3514 1063 3566 ut
1087 3503 1192 3590 magis
1212 3504 1314 3567 etiem
1337 3498 1384 3563 be·

271 3614 407 3682 nevolos
428 3613 492 3678 sibi
510 3613 678 3692 redderet,
702 3614 810 3702 epulis
830 3612 1018 3679 liberaliter
1044 3616 1179 3703 eooepit,
1200 3616 1307 3702 iisque
1326 3630 1384 3677 πα·

272 3714 436 3816 ρέσχεθεν
452 3716 576 3813 ἄρμενα
599 3712 733 3807 πάντα,
755 3729 869 3794 omnia
881 3730 1126 3796 accommodate
1140 3730 1253 3796 usibus
1266 3749 1381 3802 eorum,

263 3839 308 3905 ah.
331 3862 360 3904 6.
384 3839 500 3904 cibum
522 3850 555 3904 et
577 3850 695 3926 polum
718 3842 983 3908 convenientem.
1008 3841 1107 3909 Conf.
1134 3842 1184 3909 So.
1206 3847 1261 3910 84.

285 4088 289 4095 ’
315 4088 347 4130 v.
373 4063 448 4130 640.
473 4052 580 4152 τάπερ
607 4052 670 4130 θεοὶ
693 4056 788 4129 αὐτοὶ
813 4053 951 4155 i'clooriv)
974 4068 1133 4134 Hesiodus
1156 4071 1261 4159 igitur
1279 4076 1378 4134 nectar
1455 4032 1456 4107 4

270 4186 306 4239 et
332 4175 532 4242 ambrosium
556 4179 684 4266 pariter
713 4178 803 4244 cibos
834 4180 955 4246 hebuit
978 4183 1145 4262 Deorum,
1178 4183 1267 4248 unde
1287 4180 1378 4246 etiam

271 4292 354 4354 mori
371 4274 546 4356 irarum
567 4291 672 4370 dixit,
699 4304 735 4392 et
757 4291 849 4359 infre
874 4294 919 4383 (v.
937 4293 1164 4382 797.)eadem
1185 4285 1314 4383 sspeimu
1338 4287 1374 4353 At
