2967 5209
235 481 305 555 190
677 507 917 553 mnuurmnvs

229 666 386 763 Οὑροιοὸς,
408 701 478 743 non
500 678 645 766 potuisse
664 678 751 743 olim
776 678 831 743 hio
855 680 969 743 locum
998 650 1123 743 habere
1147 700 1282 766 prorsus
1303 680 1361 745 ad-

230 792 357 856 sentior
378 791 569 857 Muetzellio
590 815 624 879 p.
644 792 719 858 405.
752 790 893 858 Coelum
913 813 956 855 ex
974 789 1078 856 Terra
1098 802 1217 857 natum
1237 792 1278 857 ab
1297 792 1363 858 He-

229 905 321 969 siodo
346 904 384 968 in
406 904 597 991 Theogonia
617 905 707 969 tradi
731 915 783 970 tot
799 904 961 970 Veterum
977 900 1188 990 Scriptorum
1207 906 1364 970 testimo·
1460 932 1461 943 ι

200 1105 205 1116 Ι
231 1018 288 1082 nia
307 1018 528 1102 confirmant,
554 1030 595 1082 ut
620 1019 823 1085 credendum
844 1018 993 1096 nonsit,
1022 1018 1121 1083 aliter
1141 1017 1227 1083 olim
1247 1019 1284 1083 in
1305 1041 1362 1085 ve·

229 1133 327 1196 tustis
347 1132 417 1196 eius
438 1132 604 1219 exemplis
624 1131 737 1212 fuisse,
759 1155 819 1197 nec
838 1132 943 1218 magis
967 1132 1188 1210 credendum,
1215 1131 1297 1196 aiibi
1320 1132 1362 1198 ab
1461 1208 1462 1231 χ

229 1243 388 1322 Hesiodo,
411 1245 564 1330 quamvis
584 1242 721 1308 fortasse
741 1242 871 1309 dixerit
893 1237 978 1308 Γοιῖοο
1000 1238 1060 1328 μὲν
1077 1226 1217 1329 ”Αιομον’
1240 1236 1361 1326 ἔτικτε,
1461 1238 1462 1283 ³

230 1355 330 1421 fuisse
349 1356 534 1422 Acmonem
556 1357 650 1422 huno
674 1361 806 1445 patrem
831 1356 925 1424 Coeli
945 1358 1087 1423 dictum.
1120 1358 1221 1446 Apud
1242 1360 1363 1425 Eusta-

228 1468 363 1549 thium,
389 1470 483 1534 cuius
507 1471 616 1536 maior
638 1471 752 1551 nobis,
778 1493 880 1557 quam
905 1470 1002 1535 istius
1015 1493 1138 1558 parum
1151 1471 1241 1536 docti
1261 1469 1364 1537 Scho-

228 1584 353 1662 liastae,
378 1587 556 1650 auctoritas
578 1584 731 1663 habetur,
760 1584 861 1650 fuisse
884 1585 1028 1651 Alcman
1047 1585 1182 1665 dicitur,
1209 1586 1269 1674 qui
1288 1586 1362 1674 pri-

229 1720 305 1761 mus
323 1710 455 1785 patrem
476 1722 554 1764 eum
575 1698 675 1766 Coelo
697 1699 866 1764 tribuerit.
890 1699 970 1764 vid.
988 1721 1022 1786 p.
1047 1701 1144 1765 1154.
1168 1701 1222 1765 23.

275 1946 330 1991 vv.
362 1927 436 1990 127.
464 1927 526 1991 128
551 1927 698 2012 explicat
719 1924 888 1990 Cornutus
908 1946 942 2011 p.
972 1908 1127 1989 176.1ὀοι
1148 1915 1221 2010 napi
1244 1917 1362 1990 ποῖοοιν
1463 1986 1464 2005 p

229 2028 285 2117 etp
319 2031 381 2126 γῆν
411 2025 683 2125 &inpressius-rr
709 2024 788 2108 θεοῖς
813 2024 903 2107 ἕδος
928 2025 1131 2124 &sputis
1156 2027 1363 2119 οἶεὶλτοῖς
1463 2026 1464 2051 ³

229 2138 283 2214 ἔπ’
307 2147 406 2215 οιὺτοῦ
432 2139 556 2218 θέουσιν
580 2141 716 2238 ἄστροις
741 2138 938 2237 οἰκητήριον,
960 2173 1106 2237 quorum
1128 2151 1243 2238 priora
1265 2142 1364 2218 Galei

232 2262 347 2330 Codex
367 2265 468 2329 sicin
493 2288 647 2331 versuum
664 2264 807 2353 speciem
828 2265 960 2330 redacta
978 2263 1135 2330 exhibet:
1159 2249 1213 2329 ‘ivn
1237 2260 1297 2349 tois
1324 2265 1363 2353 (1.

231 2373 300 2461 μοι)
336 2372 409 2466 περὶ
443 2373 559 2444 aare
583 2367 682 2466 ἐέργῃ
706 2372 750 2442 Ἡ
774 2365 804 2442 d'
829 2366 875 2457 dn
901 2367 1092 2466 μακάρεσσι
1117 2366 1197 2449 θεοῖς
1222 2365 1297 2448 ‘s'doc
1321 2367 1365 2446 ἆέ
1464 2378 1465 2393 ’

232 2485 364 2576 οφοιλές
383 2477 472 2573 nisi,
492 2515 577 2578 quae
598 2493 698 2557 lectio
725 2491 828 2557 Galeo
851 2492 974 2557 melior
996 2491 1079 2571 visa,
1106 2514 1207 2578 quam
1228 2515 1312 2577 quae
1326 2492 1365 2557 in
1432 2554 1435 2562 ,

232 2603 372 2668 Hesiodo
396 2605 496 2670 hodie
516 2616 634 2672 exstat.
681 2602 743 2668 Sed
770 2627 840 2669 non
859 2604 1100 2672 animadvertit
1123 2604 1263 2685 Galeus,
1291 2605 1365 2670 illis

231 2718 399 2782 duntaxat
420 2708 439 2796 ἡ
464 2704 493 2782 d'
520 2750 571 2761 -
594 2705 641 2795 ε’ἰη
663 2738 732 2782 non
746 2718 926 2783 convenire
945 2719 1259 2805 interpretationem
1280 2717 1366 2784 Cor·

231 2829 325 2907 nuti,
348 2830 409 2917 qui
430 2828 572 2896 Coelum
592 2852 657 2895 esse
681 2830 793 2895 voluit
816 2819 1007 2914 οἰκητήριον,
1030 2831 1100 2896 sive
1123 2817 1196 2900 ‘idos
1217 2852 1365 2896 curren·

194 2932 201 2945 ’
231 2944 322 3009 tibus
344 2929 399 3008 ἐπ’
419 2936 524 3009 αὑτοῦ
548 2952 582 3007 in
606 2943 662 3007 illo
685 2942 797 3022 astris,
821 2965 891 3008 non
906 2944 1056 3011 Terram.
1101 2944 1266 3030 Equidem
1284 2966 1366 3008 cum

232 3060 424 3127 Muetzellio
439 3083 473 3151 p.
499 3060 574 3127 406.
595 3060 632 3123 in
652 3060 716 3124 illo
737 3058 833 3125 Galei
854 3059 938 3127 cod.
955 3058 1209 3147 interpolatoris
1224 3080 1365 3123 manum

232 3198 380 3264 agnosco.
427 3178 587 3242 Attamen
605 3177 758 3240 multum
780 3174 887 3255 abest,
909 3187 948 3239 ut
964 3175 1069 3264 ipsius
1095 3174 1238 3240 Cornuti
1258 3174 1366 3240 inter·

232 3287 456 3377 pretationem
479 3288 619 3375 probem
639 3298 714 3351 tum
740 3287 779 3352 in
809 3288 904 3367 eliis,
927 3299 1015 3351 tums
1030 3287 1069 3352 in
1093 3286 1179 3366 hoo,
1206 3287 1296 3373 quod
1319 3273 1367 3364 dn

232 3415 266 3468 et
288 3389 361 3472 ‘idos
382 3404 424 3466 ud
446 3400 588 3467 Coelum
609 3402 739 3466 retulit.
788 3399 842 3466 Sic
865 3401 958 3465 enim
978 3421 1090 3464 secum
1109 3401 1181 3488 ipse
1195 3423 1366 3489 pugnave-

232 3517 281 3582 rit
309 3514 487 3593 Hesiodus,
512 3515 568 3580 cui
592 3537 693 3602 supra
723 3537 755 3581 v.
787 3517 861 3579 117.
887 3513 975 3578 dicta
999 3514 1102 3579 Terra
1126 3502 1201 3579 θεῶν
1227 3500 1301 3584 ἕδος
1323 3501 1367 3578 ἆ·

232 3623 367 3717 edatis
392 3619 463 3694 οιῖεἰ.
514 3628 561 3696 Vt
586 3649 652 3693 esse
672 3627 807 3693 Hesiodi
831 3649 943 3692 versus
973 3628 1248 3704 necassetue,
1275 3624 1367 3692 refe·

232 3745 335 3809 rende
352 3729 415 3822 tin
444 3754 475 3807 et
509 3729 582 3812 ἕδος
602 3753 704 3806 erunt
728 3741 768 3806 sd
791 3740 931 3804 Terram
954 3751 989 3804 et
1011 3740 1230 3829 explicandus
1253 3742 1365 3817 locus,

233 3868 274 3921 ut
297 3857 525 3944 explicuimus
555 3878 656 3943 supra
681 3856 719 3920 in
746 3855 859 3919 adnot.
886 3855 927 3919 ad
965 3877 996 3921 v.
1024 3856 1098 3919 116.
1145 3852 1243 3939 Quod
1273 3852 1367 3916 enim

233 3969 385 4040 Wolfius
418 3970 618 4036 admonente
650 3968 802 4055 Heynio‚
834 3989 969 4033 versum
1001 3968 1135 4032 uncinis
1169 3965 1365 4050 includens,

233 4084 326 4149 dixit
358 4085 518 4149 »ahenum
541 4083 645 4149 illum
670 4082 727 4146 hio
750 4104 831 4162 esse,
854 4083 915 4169 qui
933 4083 1090 4171 proxime
1115 4064 1368 4170 praecedentem

236 4198 394 4285 clegerit,
423 4199 538 4264 statim
564 4195 788 4262 arbitrabitur
797 4201 818 4233 ”
839 4196 931 4262 haud
955 4195 1096 4260 omnino
1126 4191 1367 4258 adsentientem
1462 4174 1466 4189 ⁸

236 4333 290 4377 me
317 4312 428 4377 habet.
482 4310 555 4376 Non
585 4310 725 4375 adfirmo
753 4310 927 4397 squidem,
963 4328 1096 4374 versum
1120 4328 1186 4370 esse
1212 4303 1364 4379 Hesiodi,
