2967 5209
470 536 500 580 ur
527 535 650 581 nusrcor
674 534 889 583 ruuoconnu.
1165 505 1238 580 285

112 694 315 793 τιμιωτάτην
327 705 389 779 νῦν·
400 695 619 795 ’τλαγνοοθεὶς
631 696 667 773 a
840 693 983 774 Herodes
998 692 1142 792 νεώτερον
1154 696 1239 790 φησὶ

113 814 169 885 τον
191 808 259 884 Arai
274 820 493 906 (postremum
507 821 664 886 omnium
675 843 865 888 memorans
885 843 918 884 v.
933 815 1034 908 452).
1049 819 1148 884 Natos
1161 828 1238 882 ante

113 933 228 999 lovem
252 930 372 996 fratres
392 933 462 998 eius
484 920 557 998 καθ’
577 921 724 1001 Ἡσίοδον
747 935 796 999 ait
821 933 932 999 Schol.
951 932 992 997 ad
1013 932 1108 999 Arat.
1130 956 1162 998 v.
1187 931 1238 995 16.

160 1184 193 1226 v.
226 1159 290 1226 459
321 1182 407 1247 seqq.
452 1160 549 1247 Quod
577 1185 637 1250 per
658 1162 831 1227 redeuntes
849 1173 939 1226 certo
963 1172 1116 1247 tempore
1138 1168 1243 1222 certas

115 1294 285 1341 annorum
309 1274 395 1338 vices
416 1274 522 1339 resin
543 1277 642 1340 terris
661 1276 756 1354 oriri,
779 1275 929 1353 interire,
950 1284 1025 1362 post
1037 1272 1122 1336 oriri
1134 1272 1242 1336 denuo

117 1385 239 1452 Graeci
258 1408 388 1472 quoque
407 1398 532 1452 veteres
546 1388 779 1466 observassent,
796 1388 879 1453 hinc
897 1388 1006 1476 prisco
1026 1385 1090 1450 illo
1114 1406 1152 1448 ac
1165 1405 1245 1469 my-

118 1497 215 1562 thico
245 1519 396 1562 sermone
427 1500 557 1564 dictum
579 1501 621 1565 iis
653 1491 775 1588 Κρονον,
793 1503 954 1589 temporis
974 1512 1007 1566 et
1026 1499 1107 1565 anni
1124 1499 1244 1574 Deum,

119 1620 215 1678 natos
243 1631 285 1674 ex
305 1631 338 1674 se
358 1610 480 1675 liberos
500 1635 634 1677 rursum
656 1614 877 1679 recondidisse
903 1615 940 1679 in
960 1636 1011 1692 se,
1035 1612 1114 1676 inde
1132 1621 1245 1674 autem

119 1722 229 1787 denuo
251 1722 319 1785 luci
345 1722 534 1803 reddidisse,
554 1725 643 1790 mihi
661 1738 737 1813 post
759 1728 842 1792 alios
856 1725 1041 1815 probabilis
1057 1723 1173 1811 opinio
1195 1722 1245 1786 vi·

118 1836 229 1900 detur.
254 1834 342 1899 Eum
364 1846 475 1899 autem
498 1837 661 1924 mythum
678 1862 758 1904 cum
777 1840 902 1926 posteri
913 1840 954 1903 de
970 1836 1096 1915 liberis,
1110 1833 1247 1924 proprie

119 1949 168 2013 sic
198 1946 314 2023 dictis,
345 1948 556 2034 accepissent,
582 1973 707 2016 necesse
726 1949 796 2016 fuit
814 1953 915 2039 plura
935 1949 1103 2026 accedere,
1125 1945 1248 2033 quibus

120 2070 299 2125 ornaretur
321 2059 473 2146 mythus.
521 2063 608 2128 Tum
626 2065 777 2129 connecti
796 2087 926 2152 quoque
946 2064 1025 2128 haec
1042 2060 1156 2125 fabula
1176 2080 1247 2123 coe-

121 2183 181 2260 pta
201 2182 249 2236 est
264 2193 343 2235 cum
365 2172 431 2236 alia
449 2173 491 2236 de
510 2172 631 2255 Crono,
658 2198 718 2263 per
743 2176 857 2242 Iovem
878 2176 991 2241 filium
1009 2183 1170 2261 potestate
1184 2178 1249 2235 e'x·

122 2296 194 2350 uto.
240 2282 404 2351 Memorat
428 2284 515 2350 hanc
531 2288 709 2368 Homerus3
731 2289 873 2354 alteram
895 2311 964 2353 non
986 2295 1161 2360 memorat,
1180 2284 1249 2349 sive
1342 2304 1345 2309 ’

123 2398 274 2485 ignotam
293 2397 367 2476 sibi,
389 2421 456 2476 seu,
478 2401 566 2485 quod
586 2400 739 2487 equidem
764 2381 842 2467 vero
859 2399 1006 2465 similius
1023 2397 1183 2475 habeam,
1204 2396 1249 2460 si·

122 2509 230 2575 lentio
250 2532 394 2598 pressam
418 2511 459 2575 ab
483 2513 576 2600 ipso,
602 2525 640 2577 ut
663 2515 778 2578 minus
795 2515 906 2580 relatu
930 2534 1076 2577 suavem.
1123 2509 1250 2575 Memo-

124 2624 231 2701 rantis
251 2646 336 2702 eam,
361 2625 494 2692 Hesiodi
508 2629 637 2693 mentio
651 2626 738 2694 facta
751 2651 769 2693 a
783 2627 971 2693 Themistio
982 2624 1093 2692 Oratt.
1108 2622 1250 2690 XXXII.

124 2762 160 2827 p.
180 2740 256 2804 363.
278 2738 318 2803 A.
341 2736 453 2807 Schol.
470 2743 541 2807 AD.
561 2743 601 2808 ad
620 2742 661 2809 11.
689 2743 725 2808 Β.
749 2743 961 2829 manaym.
983 2739 1071 2806 Gud.
1094 2762 1128 2827 p.
1151 2743 1180 2805 5.
1200 2742 1252 2804 10.
1277 2804 1278 2807 ,

125 2852 324 2940 Respiciunt
357 2852 436 2919 haec
467 2854 624 2921 Hesiodea
650 2855 850 2921 Theodoret.
884 2857 908 2921 1.
934 2878 962 2919 0.
986 2876 1020 2942 p.
1046 2855 1125 2918 768.
1153 2854 1252 2917 Laur.

127 2966 244 3051 Lydus
264 2964 305 3028 ae
324 2942 427 3031 Meis.
448 2966 475 3031 1.
497 2990 531 3054 p.
551 2968 583 3032 2.
608 2968 758 3032 neunt.
784 2968 824 3032 aa
845 2965 945 3032 sata
963 2966 1091 3033 achin.
1110 2964 1153 3032 n.
1175 2968 1250 3031 190.

126 3101 164 3166 p·
197 3079 274 3145 611.
301 3076 399 3145 Cruc.
429 3080 545 3146 Isidor.
579 3079 671 3169 Orig.
699 3080 792 3146 VIII.
825 3081 875 3144 11.
901 3079 1058 3144 Hesiodea
1080 3079 1121 3143 de
1141 3076 1253 3144 Crono

127 3191 259 3269 omnia,
283 3190 454 3256 devoratas
477 3192 518 3257 ab
538 3216 576 3258 eo
595 3193 733 3270 liberos,
751 3191 953 3256 subductum
971 3191 1002 3255 ei
1023 3189 1066 3255 ab
1085 3191 1180 3256 Rhea
1200 3191 1254 3256 Io·

127 3324 224 3378 vem,
256 3302 333 3365 dato
364 3303 401 3367 in
429 3305 542 3369 locum
574 3304 675 3368 huius
706 3303 895 3368 devorando
927 3301 1055 3390 lapide,
1085 3301 1174 3367 bello
1202 3304 1253 3369 vi·

128 3427 223 3487 ctum
254 3437 331 3479 eum
364 3438 530 3505 regnoque
550 3417 717 3482 deiectum
750 3416 792 3482 ab
822 3415 899 3481 Iove
923 3415 1055 3494 adulto,
1080 3416 1253 3479 detrusum

59 3518 68 3543 “
128 3529 272 3617 denique
295 3528 470 3596 abeodem
493 3531 530 3595 in
543 3532 733 3610 Tartarum,
750 3530 967 3616 vinctumque
981 3527 1030 3595 ibi
1046 3551 1124 3592 cum
1146 3526 1252 3605 sociis,

129 3642 212 3706 haec
231 3641 337 3729 igitur
356 3642 480 3721 omnia,
502 3655 576 3708 tum
593 3644 657 3709 hoc
674 3644 758 3720 1000,
774 3654 850 3706 tum
872 3639 973 3720 infra,
994 3651 1070 3728 post
1089 3641 1202 3705 locum
1213 3639 1254 3702 de

129 3755 213 3820 filiis
235 3755 359 3843 Iapeti,
380 3756 518 3834 tradita,
540 3757 698 3822 continua
722 3755 805 3820 serie
824 3754 987 3841 recensuit
1010 3752 1174 3817 Lucianus
1197 3749 1255 3817 Sa·

132 3851 239 3957 (turn.
263 3892 291 3934 c.
317 3871 361 3958 ὅ).

136 4048 139 4055 ,
181 3973 335 4047 κατέπινε
359 3993 403 4072 (v.
425 3980 514 4072 459.)
536 3984 714 4071 proprium
737 3984 778 4047 de
800 3993 883 4070 potu
898 3982 1049 4059 verbum,
1064 3980 1146 4044 hinc
1159 4002 1255 4044 usur·
1277 4056 1280 4061 y

130 4105 234 4183 patur
257 4095 297 4160 de
327 4094 499 4174 omuibus,
523 4092 606 4183 quae
623 4096 698 4183 quis
717 4095 931 4184 deglutiendo
955 4096 991 4159 in
1014 4105 1166 4160 ventrem
1195 4095 1256 4158 de-

133 4207 254 4280 mittit.
275 4207 354 4273 Vid.
377 4207 545 4278 wetsten.
566 4208 607 4272 ad
631 4209 752 4274 Matth.
774 4207 899 4273 xxlll.
920 4209 973 4274 24.
997 4244 1042 4256 -
1064 4194 1256 4277 1000100-

134 4337 215 4388 οτος
243 4306 371 4396 Nudsioc
399 4306 436 4400 ἒξ
467 4313 546 4407 ἱερῆς
572 4311 690 4405 μητρὸς
712 4313 791 4406 πρὸς
812 4314 950 4409 γούνατ’
971 4305 1075 4385 ἵκοντο
1107 4342 1189 4408 pro,
1224 4332 1255 4379 m
