2967 5209
496 483 528 531 11
553 485 679 534 nasson
705 457 919 534 rurosoruu.
1191 466 1259 540 221

134 653 245 719 tristes
262 664 356 732 sunt,
379 667 418 719 ut
440 647 558 743 Μοῖραν
581 669 615 723 et
637 651 732 748 Κῆρες
755 660 780 723 1.
791 682 820 727 a.
836 660 917 725 Fata
928 659 1117 747 Poenaeque
1139 660 1261 750 (1.217

92 744 102 765 ⁸
134 768 247 854 seqq),
266 766 409 845 Momus,
431 755 542 854 Ὀΐζνς
564 771 589 838 1.
607 795 636 838 e.
658 795 701 838 ex
725 794 885 838 aerumna
907 774 1122 852 lamentatio,
1141 775 1265 841 Neme-
1305 838 1309 849 ,

133 878 193 956 sis,
210 879 286 944 Eris
304 878 349 968 (v.
367 880 443 947 223.
459 879 562 971 225.),
579 905 645 963 seu,
664 885 754 972 quod
773 883 929 950 obscurae
942 886 1153 973 occultaeque
1173 899 1263 966 sunt,

134 1003 176 1055 ut
189 991 295 1057 Fraus
306 991 352 1081 (v.
371 994 470 1074 224.),
485 995 628 1083 denique
639 996 843 1085 Hesperides,
855 996 1034 1086 Nymphae
1048 999 1263 1087 vespertinae,

133 1104 177 1169 ad
195 1127 345 1169 occasum
364 1106 402 1172 in
422 1108 534 1174 Noctis
556 1109 685 1176 ditione
704 1109 904 1176 habitantes.
951 1111 1050 1176 Polita
1072 1124 1266 1177 autemnu-

133 1238 299 1282 merosam
321 1216 409 1283 hauc
433 1219 544 1285 Noctis
571 1221 718 1316 sobolem
735 1222 900 1288 recensuit
920 1224 1018 1288 nullo
1037 1224 1192 1290 classium
1210 1247 1266 1290 or·

133 1328 216 1394 dine
237 1341 376 1409 servato,
398 1353 601 1418 quamquam
616 1345 692 1422 apte
711 1334 829 1400 iunxit
850 1323 967 1422 Μόρον,
984 1328 1084 1422 Κῆρα,
1097 1322 1266 1418 Θάνατον,

123 1443 277 1529 'apteque
295 1442 453 1530 proxime
468 1455 543 1532 post
557 1445 649 1511 hunc
663 1434 788 1510 ‘Hunos
809 1456 843 1510 et
855 1442 961 1530 Φῦλνν
978 1434 1121 1535 Ὀνείρων
1142 1448 1265 1537 posuit.

136 1552 234 1620 Infra
256 1578 289 1621 v.
316 1558 392 1622 756.
414 1567 449 1620 et
470 1557 512 1622 Il.
536 1560 573 1623 Ξ.
598 1559 674 1625 231.
698 1559 825 1624 dicitur
838 1545 963 1628 Ὕπνον
983 1551 1180 1647 κασίγνητος
1192 1560 1268 1625 Θν-

135 1653 270 1751 adroso,
291 1680 389 1756 atque
412 1668 490 1735 inde
510 1671 600 1758 apud
625 1670 814 1759 Virgilium
842 1673 925 1736 Aen.
943 1670 1011 1740 VI.'
1028 1673 1105 1738 218.
1130 1696 1267 1738 consun-

131 1788 270 1867 guineus
291 1781 391 1846 Lethe
412 1805 519 1869 sopor.

183 2028 218 2073 v.
245 2006 321 2072 213.
355 1994 547 2092 κνιμηθεῖσα
574 2007 808 2096 accipiendum
831 1978 1090 2092 arandara,
1112 2011 1178 2090 vel,
1203 2031 1269 2097 qua

135 2118 382 2206 significatione
395 2120 545 2207 positum
560 2131 608 2184 est
630 2107 791 2197 εὐνηθεῖσα
814 2120 966 2188 Th.133.
986 2125 1063 2188 380.
1077 2123 1153 2188 631.
1170 2120 1221 2191 Sc.
1233 2125 1266 2188 6.

137 2227 240 2297 Conf.
259 2230 334 2299 VV.
354 2232 425 2298 DD.
446 2232 487 2297 ad
508 2231 715 2319 Hesychium
734 2254 768 2298 v.
792 2220 965 2317 κνιμηθένν
979 2276 997 2293 ··

183 2478 218 2522 v.
239 2456 315 2523 211.
347 2443 497 2543 δεῦτερον
521 2439 568 2522 al
589 2445 734 2545 Μῶμον)
757 2458 900 2524 secundo
927 2469 1029 2547 partu
1056 2457 1144 2548 (post
1164 2447 1271 2548 Μόρον

134 2581 174 2634 et
197 2579 321 2635 ceteros
349 2591 406 2645 va.
430 2570 492 2634 211
517 2593 582 2658 seq.
603 2569 820 2658 memoratos)
840 2571 974 2660 peperit
994 2560 1136 2655 Μῶμον,
1156 2594 1272 2661 repre-

137 2681 312 2748 hensionis
328 2682 448 2761 Deum,
467 2705 524 2748 sau
544 2695 659 2748 natam
679 2705 724 2749 er
743 2682 874 2750 invidia
892 2683 1111 2764 calumniam,
1131 2706 1272 2773 persona

137 2793 307 2861 indutam.
340 2792 440 2863 conf.
470 2794 607 2863 CaHim.
635 2796 677 2861 Η.
704 2795 743 2861 in
767 2795 833 2881 Ap.
858 2818 892 2862 v.
914 2795 981 2861 ult.
1006 2794 1121 2882 ibique
1141 2793 1269 2885 Spanlr.

139 2906 209 2984 Est·
231 2896 360 2994 Μῶμον
391 2907 547 2975 Ciceroni
568 2908 764 2985 Invidentia,
787 2906 939 2995 Hygino,
969 2916 1010 2970 ut
1029 2905 1181 2986 videtur,
1207 2908 1271 2971 Pe-

139 3017 287 3084 taluatia,

186 3265 220 3309 v.
242 3243 306 3334 2Ῑρ
329 3265 416 3332 seqq.
451 3242 641 3311 Pleniorem
667 3241 753 3308 olim
775 3240 866 3306 hunc
886 3242 1000 3306 locum
1020 3238 1121 3307 fuisse
1138 3253 1171 3307 et
1196 3253 1271 3308 tum

140 3355 364 3444 Hesperidum
397 3357 553 3436 nomina,
582 3366 658 3419 tum
691 3354 844 3420 Herculis
873 3353 1015 3420 illarum
1043 3355 1134 3421 mala
1167 3352 1272 3420 furati

140 3469 351 3535 mentionem
373 3469 536 3550 habuisse,
559 3467 770 3536 Muetzellius
788 3492 822 3557 p.
845 3468 909 3534 430
920 3489 1009 3556 seqq.
1031 3491 1074 3536 ex
1096 3467 1212 3537 Servio
1230 3470 1271 3535 ad

141 3582 226 3651 Aen.
247 3582 304 3651 IV.
332 3583 408 3649 484.
436 3595 470 3648 et
499 3581 612 3649 Schol.
646 3579 805 3649 Cantabr.
828 3582 925 3648 adh.
947 3584 972 3649 1.
998 3582 1147 3687 colligit,
1174 3594 1272 3669 atque

54 3758 58 3769 ,
142 3718 186 3762 ex
209 3693 326 3762 Servio
343 3694 480 3782 quidem
501 3692 586 3760 effici
606 3695 702 3774 vult,
726 3715 862 3760 versum
883 3693 1042 3760 excidisse
1058 3694 1270 3795 huiusmodiz

241 3833 389 3934 Α’ίγλνν,
418 3836 583 3931 Ἑσπερίην
608 3837 666 3947 aa>
690 3832 894 3932 ἀγακλειτὴν
918 3830 1125 3931 Ἀρέθουσαν.

143 4005 207 4087 Sed
227 4008 439 4097 Hesperuscm
460 4018 556 4074 vocat
574 4004 722 4088 Servius3
749 4006 863 4094 itaque
882 4005 995 4094 potius
1016 4004 1138 4085 suerit,
1152 4005 1272 4072 »iudice

143 4121 247 4186 etiam
270 4119 496 4209 Goettlingio:

198 4240 204 4245 ’
242 4240 386 4347 Αἴγλην,
409 4245 670 4346 ‘harenarum
695 4244 743 4324 lit
768 4244 896 4339 κλειτὴν
919 4242 1126 4346 Ἀρέθουσαν.
1191 4322 1194 4329 ,
