<?xml version="1.0" encoding="UTF-8"?>
<!DOCTYPE html PUBLIC "-//W3C//DTD XHTML 1.0 Transitional//EN"
    "http://www.w3.org/TR/xhtml1/DTD/xhtml1-transitional.dtd">
<html xmlns="http://www.w3.org/1999/xhtml" xml:lang="en" lang="en">
 <head>
  <title>
</title>
<meta http-equiv="Content-Type" content="text/html;charset=utf-8" />
  <meta name='ocr-system' content='tesseract 3.04.00' />
  <meta name='ocr-capabilities' content='ocr_page ocr_carea ocr_par ocr_line ocrx_word'/>
</head>
<body>
  <div class='ocr_page' id='page_1' title='image "./hesioditheogoni00lenngoog_0317.png"; bbox 0 0 2967 5209; ppageno 0'>
   <div class='ocr_carea' id='block_1_1' title="bbox 470 500 1242 576">
    <p class='ocr_par' dir='ltr' id='par_1_1' title="bbox 470 500 1242 576">
     <span class='ocr_line' id='line_1_1' title="bbox 470 500 1242 576; baseline 0.013 -12"><span class='ocrx_word' id='word_1_1' title='bbox 470 519 501 566; x_wconf 84' lang='lat' dir='ltr'>m</span> <span class='ocrx_word' id='word_1_2' title='bbox 527 520 650 568; x_wconf 82' lang='lat' dir='ltr'>assrom</span> <span class='ocrx_word' id='word_1_3' title='bbox 674 523 889 571; x_wconf 71' lang='lat' dir='ltr'>annocentia.</span> <span class='ocrx_word' id='word_1_4' title='bbox 1169 500 1242 576; x_wconf 81' lang='lat'>273</span> 
     </span>
    </p>
   </div>
   <div class='ocr_carea' id='block_1_2' title="bbox 116 675 1275 899">
    <p class='ocr_par' dir='ltr' id='par_1_2' title="bbox 116 675 1275 899">
     <span class='ocr_line' id='line_1_2' title="bbox 118 675 1275 784; baseline 0.009 -32"><span class='ocrx_word' id='word_1_5' title='bbox 118 675 227 778; x_wconf 74' lang='grc' dir='ltr'><em>γοίτηρ</em></span> <span class='ocrx_word' id='word_1_6' title='bbox 246 675 410 776; x_wconf 72' lang='grc' dir='ltr'>μεγάλοιο</span> <span class='ocrx_word' id='word_1_7' title='bbox 431 681 534 755; x_wconf 83' lang='grc' dir='ltr'><em>Κοίοιο</em></span> <span class='ocrx_word' id='word_1_8' title='bbox 555 692 681 757; x_wconf 89' lang='lat' dir='ltr'>dicitur</span> <span class='ocrx_word' id='word_1_9' title='bbox 701 693 742 759; x_wconf 83' lang='lat' dir='ltr'>ll.</span> <span class='ocrx_word' id='word_1_10' title='bbox 766 694 802 759; x_wconf 91' lang='lat' dir='ltr'>in</span> <span class='ocrx_word' id='word_1_11' title='bbox 818 694 931 783; x_wconf 80' lang='lat' dir='ltr'>Apoll.</span> <span class='ocrx_word' id='word_1_12' title='bbox 949 718 979 760; x_wconf 83' lang='lat' dir='ltr'>v.</span> <span class='ocrx_word' id='word_1_13' title='bbox 1000 697 1055 762; x_wconf 81' lang='lat'>62.</span> <span class='ocrx_word' id='word_1_14' title='bbox 1078 690 1240 784; x_wconf 74' lang='grc' dir='ltr'>Περσαίου</span> <span class='ocrx_word' id='word_1_15' title='bbox 1273 716 1275 721; x_wconf 78' lang='grc'><strong>’</strong></span> 
     </span>
     <span class='ocr_line' id='line_1_3' title="bbox 116 787 1241 899; baseline 0.006 -32"><span class='ocrx_word' id='word_1_16' title='bbox 116 787 267 890; x_wconf 74' lang='grc' dir='ltr'>θυγάτηρ</span> <span class='ocrx_word' id='word_1_17' title='bbox 288 787 411 880; x_wconf 79' lang='grc' dir='ltr'><em>Ἑκοίτη</em></span> <span class='ocrx_word' id='word_1_18' title='bbox 433 802 474 869; x_wconf 90' lang='grc' dir='ltr'>Η.</span> <span class='ocrx_word' id='word_1_19' title='bbox 498 805 537 870; x_wconf 93' lang='lat' dir='ltr'>in</span> <span class='ocrx_word' id='word_1_20' title='bbox 559 803 633 872; x_wconf 84' lang='lat' dir='ltr'>Cer.</span> <span class='ocrx_word' id='word_1_21' title='bbox 657 830 689 873; x_wconf 82' lang='lat' dir='ltr'>v.</span> <span class='ocrx_word' id='word_1_22' title='bbox 706 808 829 899; x_wconf 81' lang='lat' dir='ltr'>24seq.</span> <span class='ocrx_word' id='word_1_23' title='bbox 869 808 1037 875; x_wconf 87' lang='lat' dir='ltr'>Videntur</span> <span class='ocrx_word' id='word_1_24' title='bbox 1053 809 1241 896; x_wconf 79' lang='lat' dir='ltr'>antiquiore</span> 
     </span>
    </p>
   </div>
   <div class='ocr_carea' id='block_1_3' title="bbox 117 912 1244 1569">
    <p class='ocr_par' dir='ltr' id='par_1_3' title="bbox 117 912 1244 1569">
     <span class='ocr_line' id='line_1_4' title="bbox 117 912 1241 1008; baseline 0.004 -28"><span class='ocrx_word' id='word_1_25' title='bbox 117 912 275 980; x_wconf 76' lang='lat' dir='ltr'>Graeciae</span> <span class='ocrx_word' id='word_1_26' title='bbox 295 915 518 1000; x_wconf 88' lang='lat' dir='ltr'>populorum,</span> <span class='ocrx_word' id='word_1_27' title='bbox 539 929 627 983; x_wconf 89' lang='lat' dir='ltr'>certe</span> <span class='ocrx_word' id='word_1_28' title='bbox 646 919 868 1006; x_wconf 89' lang='lat' dir='ltr'>quorundam,</span> <span class='ocrx_word' id='word_1_29' title='bbox 888 921 1052 1008; x_wconf 84' lang='lat' dir='ltr'>religione</span> <span class='ocrx_word' id='word_1_30' title='bbox 1064 921 1241 987; x_wconf 86' lang='lat' dir='ltr'>coniuncta</span> 
     </span>
     <span class='ocr_line' id='line_1_5' title="bbox 117 1023 1241 1121; baseline 0.006 -31"><span class='ocrx_word' id='word_1_31' title='bbox 117 1025 261 1090; x_wconf 90' lang='lat' dir='ltr'>numina</span> <span class='ocrx_word' id='word_1_32' title='bbox 292 1023 424 1106; x_wconf 68' lang='lat' dir='ltr'>fuisse,</span> <span class='ocrx_word' id='word_1_33' title='bbox 445 1040 482 1093; x_wconf 90' lang='lat' dir='ltr'>ut</span> <span class='ocrx_word' id='word_1_34' title='bbox 514 1023 689 1116; x_wconf 75' lang='grc' dir='ltr'><em>Ἀστροοῖος</em></span> <span class='ocrx_word' id='word_1_35' title='bbox 721 1044 754 1098; x_wconf 92' lang='lat' dir='ltr'>et</span> <span class='ocrx_word' id='word_1_36' title='bbox 786 1023 948 1121; x_wconf 81' lang='grc' dir='ltr'><em>Ἀστερίη,</em></span> <span class='ocrx_word' id='word_1_37' title='bbox 983 1031 1041 1097; x_wconf 88' lang='lat' dir='ltr'>Dii</span> <span class='ocrx_word' id='word_1_38' title='bbox 1074 1045 1241 1098; x_wconf 81' lang='lat' dir='ltr'>astrorum</span> 
     </span>
     <span class='ocr_line' id='line_1_6' title="bbox 117 1130 1242 1236; baseline 0.005 -34"><span class='ocrx_word' id='word_1_39' title='bbox 117 1138 297 1227; x_wconf 86' lang='lat' dir='ltr'>praesides,</span> <span class='ocrx_word' id='word_1_40' title='bbox 329 1140 376 1205; x_wconf 89' lang='lat' dir='ltr'>ita</span> <span class='ocrx_word' id='word_1_41' title='bbox 397 1130 518 1225; x_wconf 79' lang='grc' dir='ltr'><em>Φοίβος</em></span> <span class='ocrx_word' id='word_1_42' title='bbox 539 1153 573 1236; x_wconf 81' lang='lat' dir='ltr'>et</span> <span class='ocrx_word' id='word_1_43' title='bbox 594 1132 717 1227; x_wconf 87' lang='grc' dir='ltr'><em>Φοίβη,</em></span> <span class='ocrx_word' id='word_1_44' title='bbox 731 1134 879 1216; x_wconf 53' lang='grc' dir='ltr'>ἶἘνοοοτοο</span> <span class='ocrx_word' id='word_1_45' title='bbox 900 1157 934 1211; x_wconf 87' lang='lat' dir='ltr'>et</span> <span class='ocrx_word' id='word_1_46' title='bbox 954 1136 1098 1225; x_wconf 81' lang='grc' dir='ltr'><em>Ὲοοοίτη,</em></span> <span class='ocrx_word' id='word_1_47' title='bbox 1121 1143 1242 1230; x_wconf 88' lang='lat' dir='ltr'>quibus</span> 
     </span>
     <span class='ocr_line' id='line_1_7' title="bbox 117 1248 1243 1345; baseline 0.006 -31"><span class='ocrx_word' id='word_1_48' title='bbox 117 1248 315 1315; x_wconf 81' lang='lat' dir='ltr'>nominibus</span> <span class='ocrx_word' id='word_1_49' title='bbox 334 1251 424 1318; x_wconf 91' lang='lat' dir='ltr'>haud</span> <span class='ocrx_word' id='word_1_50' title='bbox 444 1252 545 1319; x_wconf 89' lang='lat' dir='ltr'>dubie</span> <span class='ocrx_word' id='word_1_51' title='bbox 565 1252 622 1319; x_wconf 91' lang='lat' dir='ltr'>Sol</span> <span class='ocrx_word' id='word_1_52' title='bbox 646 1267 680 1321; x_wconf 93' lang='lat' dir='ltr'>et</span> <span class='ocrx_word' id='word_1_53' title='bbox 700 1257 796 1323; x_wconf 93' lang='lat' dir='ltr'>Luna</span> <span class='ocrx_word' id='word_1_54' title='bbox 813 1257 1097 1345; x_wconf 87' lang='lat' dir='ltr'>significabantur.</span> <span class='ocrx_word' id='word_1_55' title='bbox 1129 1256 1243 1322; x_wconf 79' lang='lat' dir='ltr'>Postea</span> 
     </span>
     <span class='ocr_line' id='line_1_8' title="bbox 117 1350 1244 1458; baseline 0.005 -33"><span class='ocrx_word' id='word_1_56' title='bbox 117 1350 231 1425; x_wconf 84' lang='lat' dir='ltr'>autem</span> <span class='ocrx_word' id='word_1_57' title='bbox 261 1351 380 1446; x_wconf 79' lang='grc' dir='ltr'><em>Φοίβος</em></span> <span class='ocrx_word' id='word_1_58' title='bbox 411 1377 445 1429; x_wconf 91' lang='lat' dir='ltr'>et</span> <span class='ocrx_word' id='word_1_59' title='bbox 466 1352 612 1437; x_wconf 77' lang='grc' dir='ltr'><em>Ἓονοιτος</em></span> <span class='ocrx_word' id='word_1_60' title='bbox 642 1379 802 1456; x_wconf 89' lang='lat' dir='ltr'>tanquam</span> <span class='ocrx_word' id='word_1_61' title='bbox 833 1370 1034 1458; x_wconf 85' lang='lat' dir='ltr'>cognomina</span> <span class='ocrx_word' id='word_1_62' title='bbox 1058 1368 1244 1434; x_wconf 83' lang='lat' dir='ltr'>factasunt</span> 
     </span>
     <span class='ocr_line' id='line_1_9' title="bbox 118 1471 1243 1569; baseline 0.008 -34"><span class='ocrx_word' id='word_1_63' title='bbox 118 1471 263 1537; x_wconf 87' lang='lat' dir='ltr'>iunioris</span> <span class='ocrx_word' id='word_1_64' title='bbox 284 1474 356 1553; x_wconf 89' lang='lat' dir='ltr'>Dei,</span> <span class='ocrx_word' id='word_1_65' title='bbox 381 1475 459 1542; x_wconf 87' lang='lat' dir='ltr'>love</span> <span class='ocrx_word' id='word_1_66' title='bbox 480 1477 603 1565; x_wconf 90' lang='lat' dir='ltr'>geniti,</span> <span class='ocrx_word' id='word_1_67' title='bbox 626 1480 807 1567; x_wconf 82' lang='lat' dir='ltr'>Apollinis,</span> <span class='ocrx_word' id='word_1_68' title='bbox 828 1491 939 1566; x_wconf 88' lang='lat' dir='ltr'>estque</span> <span class='ocrx_word' id='word_1_69' title='bbox 959 1481 1061 1546; x_wconf 86' lang='lat' dir='ltr'>huius</span> <span class='ocrx_word' id='word_1_70' title='bbox 1075 1480 1163 1569; x_wconf 90' lang='lat' dir='ltr'>apud</span> <span class='ocrx_word' id='word_1_71' title='bbox 1179 1478 1243 1545; x_wconf 86' lang='lat' dir='ltr'>Ile·</span> 
     </span>
    </p>
   </div>
   <div class='ocr_carea' id='block_1_4' title="bbox 118 1584 1358 1681">
    <p class='ocr_par' dir='ltr' id='par_1_4' title="bbox 118 1584 1358 1681">
     <span class='ocr_line' id='line_1_10' title="bbox 118 1584 1358 1681; baseline 0.009 -33"><span class='ocrx_word' id='word_1_72' title='bbox 118 1584 252 1651; x_wconf 88' lang='lat' dir='ltr'>siodum</span> <span class='ocrx_word' id='word_1_73' title='bbox 269 1586 398 1654; x_wconf 86' lang='lat' dir='ltr'>Phoebe</span> <span class='ocrx_word' id='word_1_74' title='bbox 418 1613 487 1656; x_wconf 89' lang='lat' dir='ltr'>non</span> <span class='ocrx_word' id='word_1_75' title='bbox 509 1613 612 1671; x_wconf 89' lang='lat' dir='ltr'>soror,</span> <span class='ocrx_word' id='word_1_76' title='bbox 628 1593 683 1657; x_wconf 90' lang='lat' dir='ltr'>sed</span> <span class='ocrx_word' id='word_1_77' title='bbox 702 1594 792 1672; x_wconf 83' lang='lat' dir='ltr'>avia,</span> <span class='ocrx_word' id='word_1_78' title='bbox 809 1593 1010 1681; x_wconf 86' lang='lat' dir='ltr'>antiquioris</span> <span class='ocrx_word' id='word_1_79' title='bbox 1021 1593 1150 1658; x_wconf 86' lang='lat' dir='ltr'>ordinis</span> <span class='ocrx_word' id='word_1_80' title='bbox 1165 1593 1242 1669; x_wconf 83' lang='lat' dir='ltr'>Dea,</span> <span class='ocrx_word' id='word_1_81' title='bbox 1353 1630 1358 1637; x_wconf 82' lang='lat'><strong>.</strong></span> 
     </span>
    </p>
   </div>
   <div class='ocr_carea' id='block_1_5' title="bbox 14 1696 1336 4163">
    <p class='ocr_par' dir='ltr' id='par_1_5' title="bbox 14 1696 1336 4163">
     <span class='ocr_line' id='line_1_11' title="bbox 120 1696 1246 1792; baseline 0.006 -32"><span class='ocrx_word' id='word_1_82' title='bbox 120 1696 253 1762; x_wconf 86' lang='lat' dir='ltr'>Titanis</span> <span class='ocrx_word' id='word_1_83' title='bbox 273 1700 355 1788; x_wconf 91' lang='lat' dir='ltr'>ipsa,</span> <span class='ocrx_word' id='word_1_84' title='bbox 382 1699 546 1789; x_wconf 83' lang='lat' dir='ltr'>fratrique</span> <span class='ocrx_word' id='word_1_85' title='bbox 569 1703 684 1770; x_wconf 90' lang='lat' dir='ltr'>Titani</span> <span class='ocrx_word' id='word_1_86' title='bbox 705 1702 791 1771; x_wconf 88' lang='lat' dir='ltr'>Coeo</span> <span class='ocrx_word' id='word_1_87' title='bbox 812 1717 931 1792; x_wconf 90' lang='lat' dir='ltr'>nupta,</span> <span class='ocrx_word' id='word_1_88' title='bbox 950 1716 990 1768; x_wconf 92' lang='lat' dir='ltr'>ut</span> <span class='ocrx_word' id='word_1_89' title='bbox 1006 1705 1090 1771; x_wconf 87' lang='lat' dir='ltr'>item</span> <span class='ocrx_word' id='word_1_90' title='bbox 1105 1704 1246 1770; x_wconf 85' lang='lat' dir='ltr'>Hesiodo</span> 
     </span>
     <span class='ocr_line' id='line_1_12' title="bbox 14 1794 1336 1902; baseline 0.007 -28"><span class='ocrx_word' id='word_1_91' title='bbox 14 1864 15 1867; x_wconf 59' lang='grc'>,</span> <span class='ocrx_word' id='word_1_92' title='bbox 119 1833 190 1875; x_wconf 93' lang='lat' dir='ltr'>non</span> <span class='ocrx_word' id='word_1_93' title='bbox 211 1824 259 1877; x_wconf 91' lang='lat' dir='ltr'>est</span> <span class='ocrx_word' id='word_1_94' title='bbox 279 1800 421 1878; x_wconf 81' lang='grc' dir='ltr'><em>Ὲοοοίτου</em></span> <span class='ocrx_word' id='word_1_95' title='bbox 445 1805 675 1897; x_wconf 76' lang='grc' dir='ltr'><em>Ἀπόλλωνος,</em></span> <span class='ocrx_word' id='word_1_96' title='bbox 697 1817 767 1883; x_wconf 85' lang='lat' dir='ltr'>sive</span> <span class='ocrx_word' id='word_1_97' title='bbox 788 1807 911 1902; x_wconf 81' lang='grc' dir='ltr'><em>Φοίβου</em></span> <span class='ocrx_word' id='word_1_98' title='bbox 934 1840 1028 1891; x_wconf 88' lang='lat' dir='ltr'>soror</span> <span class='ocrx_word' id='word_1_99' title='bbox 1046 1794 1174 1896; x_wconf 86' lang='lat' dir='ltr'>Hecate,</span> <span class='ocrx_word' id='word_1_100' title='bbox 1191 1817 1246 1882; x_wconf 84' lang='lat' dir='ltr'>sed</span> <span class='ocrx_word' id='word_1_101' title='bbox 1333 1830 1336 1835; x_wconf 82' lang='lat'>&#39;</span> 
     </span>
     <span class='ocr_line' id='line_1_13' title="bbox 120 1915 1246 2020; baseline 0.007 -35"><span class='ocrx_word' id='word_1_102' title='bbox 120 1915 314 2013; x_wconf 66' lang='lat' dir='ltr'>poemenis</span> <span class='ocrx_word' id='word_1_103' title='bbox 335 1924 382 2009; x_wconf 85' lang='lat' dir='ltr'>(v.</span> <span class='ocrx_word' id='word_1_104' title='bbox 405 1928 496 2014; x_wconf 82' lang='lat'>426.)</span> <span class='ocrx_word' id='word_1_105' title='bbox 520 1940 553 1993; x_wconf 90' lang='lat' dir='ltr'>et</span> <span class='ocrx_word' id='word_1_106' title='bbox 574 1928 735 2016; x_wconf 82' lang='lat' dir='ltr'>Apolline</span> <span class='ocrx_word' id='word_1_107' title='bbox 760 1930 941 2018; x_wconf 83' lang='lat' dir='ltr'>antiquior,</span> <span class='ocrx_word' id='word_1_108' title='bbox 965 1932 1092 2020; x_wconf 90' lang='lat' dir='ltr'>quippe</span> <span class='ocrx_word' id='word_1_109' title='bbox 1111 1953 1246 2018; x_wconf 89' lang='lat' dir='ltr'>magnos</span> 
     </span>
     <span class='ocr_line' id='line_1_14' title="bbox 120 2037 1245 2132; baseline 0.006 -32"><span class='ocrx_word' id='word_1_110' title='bbox 120 2037 190 2102; x_wconf 90' lang='lat' dir='ltr'>iam</span> <span class='ocrx_word' id='word_1_111' title='bbox 225 2037 286 2102; x_wconf 89' lang='lat' dir='ltr'>sub</span> <span class='ocrx_word' id='word_1_112' title='bbox 313 2038 491 2105; x_wconf 84' lang='lat' dir='ltr'>Titanibus</span> <span class='ocrx_word' id='word_1_113' title='bbox 517 2042 634 2129; x_wconf 91' lang='lat' dir='ltr'>adepta</span> <span class='ocrx_word' id='word_1_114' title='bbox 669 2042 812 2109; x_wconf 84' lang='lat' dir='ltr'>honores</span> <span class='ocrx_word' id='word_1_115' title='bbox 840 2043 887 2132; x_wconf 85' lang='lat' dir='ltr'>(v.</span> <span class='ocrx_word' id='word_1_116' title='bbox 908 2044 1019 2132; x_wconf 78' lang='lat'>424.),</span> <span class='ocrx_word' id='word_1_117' title='bbox 1052 2057 1245 2111; x_wconf 88' lang='lat' dir='ltr'>ceteruma</span> 
     </span>
     <span class='ocr_line' id='line_1_15' title="bbox 121 2149 1248 2244; baseline 0.005 -30"><span class='ocrx_word' id='word_1_118' title='bbox 121 2149 251 2215; x_wconf 90' lang='lat' dir='ltr'>Phoebe</span> <span class='ocrx_word' id='word_1_119' title='bbox 271 2151 400 2229; x_wconf 89' lang='lat' dir='ltr'>eodem,</span> <span class='ocrx_word' id='word_1_120' title='bbox 422 2163 520 2239; x_wconf 90' lang='lat' dir='ltr'>atque</span> <span class='ocrx_word' id='word_1_121' title='bbox 544 2155 614 2232; x_wconf 89' lang='lat' dir='ltr'>ille,</span> <span class='ocrx_word' id='word_1_122' title='bbox 633 2156 739 2241; x_wconf 90' lang='lat' dir='ltr'>gradu</span> <span class='ocrx_word' id='word_1_123' title='bbox 760 2155 900 2221; x_wconf 89' lang='lat' dir='ltr'>distans:</span> <span class='ocrx_word' id='word_1_124' title='bbox 924 2158 1014 2244; x_wconf 92' lang='lat' dir='ltr'>quod</span> <span class='ocrx_word' id='word_1_125' title='bbox 1036 2168 1153 2221; x_wconf 83' lang='lat' dir='ltr'>utrum</span> <span class='ocrx_word' id='word_1_126' title='bbox 1175 2156 1248 2243; x_wconf 88' lang='lat' dir='ltr'>pri·</span> 
     </span>
     <span class='ocr_line' id='line_1_16' title="bbox 120 2264 1247 2346; baseline 0.001 -17"><span class='ocrx_word' id='word_1_127' title='bbox 120 2288 198 2330; x_wconf 89' lang='lat' dir='ltr'>mus</span> <span class='ocrx_word' id='word_1_128' title='bbox 220 2265 267 2330; x_wconf 91' lang='lat' dir='ltr'>sic</span> <span class='ocrx_word' id='word_1_129' title='bbox 286 2265 428 2331; x_wconf 83' lang='lat' dir='ltr'>finxerit</span> <span class='ocrx_word' id='word_1_130' title='bbox 447 2265 622 2346; x_wconf 87' lang='lat' dir='ltr'>Hesiodus,</span> <span class='ocrx_word' id='word_1_131' title='bbox 651 2289 694 2331; x_wconf 93' lang='lat' dir='ltr'>an</span> <span class='ocrx_word' id='word_1_132' title='bbox 719 2289 764 2333; x_wconf 87' lang='lat' dir='ltr'>ex</span> <span class='ocrx_word' id='word_1_133' title='bbox 786 2268 932 2332; x_wconf 87' lang='lat' dir='ltr'>aliorum</span> <span class='ocrx_word' id='word_1_134' title='bbox 957 2264 1139 2332; x_wconf 87' lang='lat' dir='ltr'>traditione</span> <span class='ocrx_word' id='word_1_135' title='bbox 1158 2266 1247 2332; x_wconf 90' lang='lat' dir='ltr'>hau·</span> 
     </span>
     <span class='ocr_line' id='line_1_17' title="bbox 120 2377 1246 2465; baseline -0.003 -21"><span class='ocrx_word' id='word_1_136' title='bbox 120 2391 210 2445; x_wconf 90' lang='lat' dir='ltr'>stum</span> <span class='ocrx_word' id='word_1_137' title='bbox 232 2380 406 2455; x_wconf 87' lang='lat' dir='ltr'>retulerit,</span> <span class='ocrx_word' id='word_1_138' title='bbox 430 2379 598 2444; x_wconf 83' lang='lat' dir='ltr'>incertum</span> <span class='ocrx_word' id='word_1_139' title='bbox 620 2390 678 2444; x_wconf 87' lang='lat' dir='ltr'>est.</span> <span class='ocrx_word' id='word_1_140' title='bbox 725 2379 795 2444; x_wconf 87' lang='lat' dir='ltr'>Hoc</span> <span class='ocrx_word' id='word_1_141' title='bbox 811 2379 935 2465; x_wconf 89' lang='lat' dir='ltr'>liquet,</span> <span class='ocrx_word' id='word_1_142' title='bbox 960 2377 998 2442; x_wconf 89' lang='lat' dir='ltr'>in</span> <span class='ocrx_word' id='word_1_143' title='bbox 1025 2377 1080 2442; x_wconf 90' lang='lat' dir='ltr'>his</span> <span class='ocrx_word' id='word_1_144' title='bbox 1098 2377 1246 2443; x_wconf 85' lang='lat' dir='ltr'>Deorum</span> 
     </span>
     <span class='ocr_line' id='line_1_18' title="bbox 121 2487 1247 2582; baseline -0.004 -24"><span class='ocrx_word' id='word_1_145' title='bbox 121 2494 251 2582; x_wconf 92' lang='lat' dir='ltr'>nuptiis</span> <span class='ocrx_word' id='word_1_146' title='bbox 274 2505 307 2558; x_wconf 91' lang='lat' dir='ltr'>et</span> <span class='ocrx_word' id='word_1_147' title='bbox 329 2491 597 2581; x_wconf 84' lang='lat' dir='ltr'>generationibus</span> <span class='ocrx_word' id='word_1_148' title='bbox 620 2491 785 2581; x_wconf 87' lang='lat' dir='ltr'>fingendis</span> <span class='ocrx_word' id='word_1_149' title='bbox 807 2491 959 2557; x_wconf 82' lang='lat' dir='ltr'>maxime</span> <span class='ocrx_word' id='word_1_150' title='bbox 979 2489 1124 2579; x_wconf 88' lang='lat' dir='ltr'>positam</span> <span class='ocrx_word' id='word_1_151' title='bbox 1146 2487 1247 2555; x_wconf 80' lang='lat' dir='ltr'>fuisse</span> 
     </span>
     <span class='ocr_line' id='line_1_19' title="bbox 120 2592 1246 2693; baseline -0.003 -22"><span class='ocrx_word' id='word_1_152' title='bbox 120 2626 257 2693; x_wconf 88' lang='lat' dir='ltr'>operam</span> <span class='ocrx_word' id='word_1_153' title='bbox 280 2593 344 2669; x_wconf 79' lang='grc' dir='ltr'>τῶν</span> <span class='ocrx_word' id='word_1_154' title='bbox 366 2592 529 2692; x_wconf 59' lang='lat' dir='ltr'>leupone</span> <span class='ocrx_word' id='word_1_155' title='bbox 548 2594 762 2683; x_wconf 73' lang='grc' dir='ltr'><em>πονησάντων.</em></span> <span class='ocrx_word' id='word_1_156' title='bbox 807 2603 905 2690; x_wconf 88' lang='lat' dir='ltr'>Quod</span> <span class='ocrx_word' id='word_1_157' title='bbox 923 2603 1019 2668; x_wconf 89' lang='lat' dir='ltr'>enim</span> <span class='ocrx_word' id='word_1_158' title='bbox 1041 2603 1079 2668; x_wconf 92' lang='lat' dir='ltr'>in</span> <span class='ocrx_word' id='word_1_159' title='bbox 1099 2603 1163 2668; x_wconf 85' lang='lat' dir='ltr'>hac</span> <span class='ocrx_word' id='word_1_160' title='bbox 1185 2603 1246 2668; x_wconf 86' lang='lat' dir='ltr'>Ti-</span> 
     </span>
     <span class='ocr_line' id='line_1_20' title="bbox 122 2715 1247 2806; baseline -0.002 -24"><span class='ocrx_word' id='word_1_161' title='bbox 122 2715 278 2783; x_wconf 89' lang='lat' dir='ltr'>tanidum</span> <span class='ocrx_word' id='word_1_162' title='bbox 301 2718 497 2782; x_wconf 87' lang='lat' dir='ltr'>successione</span> <span class='ocrx_word' id='word_1_163' title='bbox 519 2718 631 2806; x_wconf 90' lang='lat' dir='ltr'>prima</span> <span class='ocrx_word' id='word_1_164' title='bbox 651 2717 798 2796; x_wconf 85' lang='lat' dir='ltr'>Phoebe,</span> <span class='ocrx_word' id='word_1_165' title='bbox 821 2728 994 2804; x_wconf 89' lang='lat' dir='ltr'>postrema</span> <span class='ocrx_word' id='word_1_166' title='bbox 1009 2715 1127 2782; x_wconf 86' lang='lat' dir='ltr'>Hecate</span> <span class='ocrx_word' id='word_1_167' title='bbox 1148 2717 1247 2804; x_wconf 89' lang='lat' dir='ltr'>poni·</span> 
     </span>
     <span class='ocr_line' id='line_1_21' title="bbox 120 2828 1246 2918; baseline -0.002 -23"><span class='ocrx_word' id='word_1_168' title='bbox 120 2843 198 2908; x_wconf 88' lang='lat' dir='ltr'>tur,</span> <span class='ocrx_word' id='word_1_169' title='bbox 221 2841 352 2918; x_wconf 88' lang='lat' dir='ltr'>poterat</span> <span class='ocrx_word' id='word_1_170' title='bbox 373 2840 488 2895; x_wconf 89' lang='lat' dir='ltr'>contra</span> <span class='ocrx_word' id='word_1_171' title='bbox 520 2829 613 2910; x_wconf 89' lang='lat' dir='ltr'>fieri,</span> <span class='ocrx_word' id='word_1_172' title='bbox 647 2852 725 2894; x_wconf 90' lang='lat' dir='ltr'>cum</span> <span class='ocrx_word' id='word_1_173' title='bbox 752 2840 882 2894; x_wconf 87' lang='lat' dir='ltr'>certum</span> <span class='ocrx_word' id='word_1_174' title='bbox 904 2828 1076 2907; x_wconf 87' lang='lat' dir='ltr'>videatur,</span> <span class='ocrx_word' id='word_1_175' title='bbox 1104 2840 1246 2915; x_wconf 87' lang='lat' dir='ltr'>utroque</span> 
     </span>
     <span class='ocr_line' id='line_1_22' title="bbox 120 2935 1246 3030; baseline -0.003 -22"><span class='ocrx_word' id='word_1_176' title='bbox 120 2943 259 3009; x_wconf 88' lang='lat' dir='ltr'>nomine</span> <span class='ocrx_word' id='word_1_177' title='bbox 291 2935 383 3008; x_wconf 82' lang='lat' dir='ltr'>idem</span> <span class='ocrx_word' id='word_1_178' title='bbox 411 2964 539 3007; x_wconf 90' lang='lat' dir='ltr'>numen</span> <span class='ocrx_word' id='word_1_179' title='bbox 567 2941 768 3030; x_wconf 88' lang='lat' dir='ltr'>significari,</span> <span class='ocrx_word' id='word_1_180' title='bbox 794 2941 860 3006; x_wconf 90' lang='lat' dir='ltr'>nisi</span> <span class='ocrx_word' id='word_1_181' title='bbox 885 2951 1026 3019; x_wconf 88' lang='lat' dir='ltr'>statuas,</span> <span class='ocrx_word' id='word_1_182' title='bbox 1052 2939 1246 3006; x_wconf 89' lang='lat' dir='ltr'>Hesiodeam</span> 
     </span>
     <span class='ocr_line' id='line_1_23' title="bbox 119 3051 1244 3140; baseline -0.004 -20"><span class='ocrx_word' id='word_1_183' title='bbox 119 3055 337 3121; x_wconf 87' lang='lat' dir='ltr'>traditionem</span> <span class='ocrx_word' id='word_1_184' title='bbox 361 3055 425 3120; x_wconf 95' lang='lat' dir='ltr'>hoc</span> <span class='ocrx_word' id='word_1_185' title='bbox 445 3054 601 3131; x_wconf 84' lang='lat' dir='ltr'>indicare,</span> <span class='ocrx_word' id='word_1_186' title='bbox 622 3053 754 3119; x_wconf 89' lang='lat' dir='ltr'>Lunam</span> <span class='ocrx_word' id='word_1_187' title='bbox 776 3054 870 3140; x_wconf 89' lang='lat' dir='ltr'>prius</span> <span class='ocrx_word' id='word_1_188' title='bbox 887 3051 949 3118; x_wconf 88' lang='lat' dir='ltr'>sub</span> <span class='ocrx_word' id='word_1_189' title='bbox 969 3051 1123 3129; x_wconf 79' lang='lat' dir='ltr'>Phoebes,</span> <span class='ocrx_word' id='word_1_190' title='bbox 1143 3074 1244 3137; x_wconf 89' lang='lat' dir='ltr'>quam</span> 
     </span>
     <span class='ocr_line' id='line_1_24' title="bbox 118 3164 1243 3244; baseline -0.004 -10"><span class='ocrx_word' id='word_1_191' title='bbox 118 3169 182 3234; x_wconf 89' lang='lat' dir='ltr'>sub</span> <span class='ocrx_word' id='word_1_192' title='bbox 208 3169 342 3234; x_wconf 85' lang='lat' dir='ltr'>Hecates</span> <span class='ocrx_word' id='word_1_193' title='bbox 370 3167 508 3234; x_wconf 90' lang='lat' dir='ltr'>nomine</span> <span class='ocrx_word' id='word_1_194' title='bbox 532 3165 633 3231; x_wconf 83' lang='lat' dir='ltr'>fuisse</span> <span class='ocrx_word' id='word_1_195' title='bbox 657 3167 805 3244; x_wconf 89' lang='lat' dir='ltr'>cultam,</span> <span class='ocrx_word' id='word_1_196' title='bbox 822 3177 867 3228; x_wconf 85' lang='lat' dir='ltr'>-ut</span> <span class='ocrx_word' id='word_1_197' title='bbox 888 3187 964 3230; x_wconf 90' lang='lat' dir='ltr'>sane</span> <span class='ocrx_word' id='word_1_198' title='bbox 984 3164 1128 3230; x_wconf 86' lang='lat' dir='ltr'>Phoebes</span> <span class='ocrx_word' id='word_1_199' title='bbox 1150 3165 1243 3229; x_wconf 89' lang='lat' dir='ltr'>enti-</span> 
     </span>
     <span class='ocr_line' id='line_1_25' title="bbox 118 3275 1246 3369; baseline -0.004 -22"><span class='ocrx_word' id='word_1_200' title='bbox 118 3282 233 3369; x_wconf 90' lang='lat' dir='ltr'>quitus</span> <span class='ocrx_word' id='word_1_201' title='bbox 261 3280 458 3368; x_wconf 84' lang='lat' dir='ltr'>religionem</span> <span class='ocrx_word' id='word_1_202' title='bbox 486 3290 520 3344; x_wconf 91' lang='lat' dir='ltr'>et</span> <span class='ocrx_word' id='word_1_203' title='bbox 545 3279 720 3367; x_wconf 85' lang='lat' dir='ltr'>oraculum</span> <span class='ocrx_word' id='word_1_204' title='bbox 747 3275 848 3343; x_wconf 88' lang='lat' dir='ltr'>fuisse</span> <span class='ocrx_word' id='word_1_205' title='bbox 871 3278 1034 3365; x_wconf 89' lang='lat' dir='ltr'>Delphis,</span> <span class='ocrx_word' id='word_1_206' title='bbox 1056 3288 1172 3342; x_wconf 86' lang='lat' dir='ltr'>auctor</span> <span class='ocrx_word' id='word_1_207' title='bbox 1193 3290 1246 3353; x_wconf 36' lang='lat' dir='ltr'>est,</span> 
     </span>
     <span class='ocr_line' id='line_1_26' title="bbox 118 3370 1244 3481; baseline -0.004 -20"><span class='ocrx_word' id='word_1_208' title='bbox 118 3393 305 3481; x_wconf 76' lang='lat' dir='ltr'>Aeschylus</span> <span class='ocrx_word' id='word_1_209' title='bbox 338 3391 516 3458; x_wconf 85' lang='lat' dir='ltr'>Eumenid.</span> <span class='ocrx_word' id='word_1_210' title='bbox 541 3413 575 3457; x_wconf 84' lang='lat' dir='ltr'>r.</span> <span class='ocrx_word' id='word_1_211' title='bbox 600 3370 631 3458; x_wconf 79' lang='lat'>7&#39;.</span> <span class='ocrx_word' id='word_1_212' title='bbox 684 3381 799 3473; x_wconf 77' lang='grc' dir='ltr'><em>Λητέο,</em></span> <span class='ocrx_word' id='word_1_213' title='bbox 821 3415 922 3478; x_wconf 89' lang='lat' dir='ltr'>quam</span> <span class='ocrx_word' id='word_1_214' title='bbox 944 3416 988 3458; x_wconf 82' lang='lat' dir='ltr'>ex</span> <span class='ocrx_word' id='word_1_215' title='bbox 1013 3392 1086 3480; x_wconf 90' lang='lat' dir='ltr'>ipso</span> <span class='ocrx_word' id='word_1_216' title='bbox 1106 3391 1244 3457; x_wconf 87' lang='lat' dir='ltr'>nomine</span> 
     </span>
     <span class='ocr_line' id='line_1_27' title="bbox 118 3503 1242 3596; baseline -0.005 -22"><span class='ocrx_word' id='word_1_217' title='bbox 118 3519 153 3574; x_wconf 91' lang='lat' dir='ltr'>et</span> <span class='ocrx_word' id='word_1_218' title='bbox 174 3506 332 3596; x_wconf 87' lang='lat' dir='ltr'>epithetis</span> <span class='ocrx_word' id='word_1_219' title='bbox 352 3505 489 3571; x_wconf 87' lang='lat' dir='ltr'>Noctem</span> <span class='ocrx_word' id='word_1_220' title='bbox 507 3505 575 3569; x_wconf 89' lang='lat' dir='ltr'>iam</span> <span class='ocrx_word' id='word_1_221' title='bbox 601 3505 786 3590; x_wconf 90' lang='lat' dir='ltr'>antiquitus</span> <span class='ocrx_word' id='word_1_222' title='bbox 799 3504 1013 3594; x_wconf 85' lang='lat' dir='ltr'>interpretati</span> <span class='ocrx_word' id='word_1_223' title='bbox 1029 3514 1118 3583; x_wconf 90' lang='lat' dir='ltr'>sunt,</span> <span class='ocrx_word' id='word_1_224' title='bbox 1138 3503 1242 3569; x_wconf 83' lang='lat' dir='ltr'>Phoe·</span> 
     </span>
     <span class='ocr_line' id='line_1_28' title="bbox 117 3604 1241 3709; baseline -0.005 -21"><span class='ocrx_word' id='word_1_225' title='bbox 117 3623 174 3688; x_wconf 84' lang='lat' dir='ltr'>bes</span> <span class='ocrx_word' id='word_1_226' title='bbox 196 3640 296 3709; x_wconf 90' lang='lat' dir='ltr'>aeque</span> <span class='ocrx_word' id='word_1_227' title='bbox 316 3619 555 3708; x_wconf 87' lang='lat' dir='ltr'>probabiliter,</span> <span class='ocrx_word' id='word_1_228' title='bbox 575 3640 618 3685; x_wconf 90' lang='lat' dir='ltr'>ne</span> <span class='ocrx_word' id='word_1_229' title='bbox 639 3604 748 3686; x_wconf 79' lang='lat' dir='ltr'>dicam</span> <span class='ocrx_word' id='word_1_230' title='bbox 770 3619 996 3708; x_wconf 90' lang='lat' dir='ltr'>probabilius,</span> <span class='ocrx_word' id='word_1_231' title='bbox 1023 3630 1134 3684; x_wconf 89' lang='lat' dir='ltr'>mater</span> <span class='ocrx_word' id='word_1_232' title='bbox 1157 3617 1241 3704; x_wconf 85' lang='lat' dir='ltr'>fingi</span> 
     </span>
     <span class='ocr_line' id='line_1_29' title="bbox 117 3731 1240 3823; baseline -0.002 -21"><span class='ocrx_word' id='word_1_233' title='bbox 117 3759 155 3802; x_wconf 90' lang='lat' dir='ltr'>ac</span> <span class='ocrx_word' id='word_1_234' title='bbox 184 3736 256 3801; x_wconf 86' lang='lat' dir='ltr'>filia</span> <span class='ocrx_word' id='word_1_235' title='bbox 286 3744 432 3823; x_wconf 88' lang='lat' dir='ltr'>poterat,</span> <span class='ocrx_word' id='word_1_236' title='bbox 460 3732 606 3798; x_wconf 87' lang='lat' dir='ltr'>utitem</span> <span class='ocrx_word' id='word_1_237' title='bbox 635 3731 777 3798; x_wconf 82' lang='lat' dir='ltr'>Asteries</span> <span class='ocrx_word' id='word_1_238' title='bbox 810 3754 911 3819; x_wconf 87' lang='lat' dir='ltr'>aeque</span> <span class='ocrx_word' id='word_1_239' title='bbox 940 3742 1049 3799; x_wconf 88' lang='lat' dir='ltr'>mater</span> <span class='ocrx_word' id='word_1_240' title='bbox 1078 3753 1115 3796; x_wconf 89' lang='lat' dir='ltr'>ac</span> <span class='ocrx_word' id='word_1_241' title='bbox 1136 3752 1240 3799; x_wconf 86' lang='lat' dir='ltr'>soror.</span> 
     </span>
     <span class='ocr_line' id='line_1_30' title="bbox 116 3839 1239 3934; baseline -0.007 -19"><span class='ocrx_word' id='word_1_242' title='bbox 116 3849 237 3916; x_wconf 88' lang='lat' dir='ltr'>Hecate</span> <span class='ocrx_word' id='word_1_243' title='bbox 267 3847 404 3934; x_wconf 88' lang='lat' dir='ltr'>quidem</span> <span class='ocrx_word' id='word_1_244' title='bbox 436 3844 548 3911; x_wconf 91' lang='lat' dir='ltr'>Noctis</span> <span class='ocrx_word' id='word_1_245' title='bbox 575 3844 647 3910; x_wconf 86' lang='lat' dir='ltr'>filia</span> <span class='ocrx_word' id='word_1_246' title='bbox 678 3845 767 3910; x_wconf 90' lang='lat' dir='ltr'>dicta</span> <span class='ocrx_word' id='word_1_247' title='bbox 798 3843 992 3931; x_wconf 86' lang='lat' dir='ltr'>Bacchylidi</span> <span class='ocrx_word' id='word_1_248' title='bbox 1015 3842 1103 3930; x_wconf 90' lang='lat' dir='ltr'>apud</span> <span class='ocrx_word' id='word_1_249' title='bbox 1127 3839 1239 3907; x_wconf 87' lang='lat' dir='ltr'>Schol.</span> 
     </span>
     <span class='ocr_line' id='line_1_31' title="bbox 116 3953 1240 4051; baseline -0.007 -24"><span class='ocrx_word' id='word_1_250' title='bbox 116 3961 294 4051; x_wconf 81' lang='lat' dir='ltr'>Apollonii</span> <span class='ocrx_word' id='word_1_251' title='bbox 314 3959 423 4026; x_wconf 87' lang='lat' dir='ltr'>Rhod.</span> <span class='ocrx_word' id='word_1_252' title='bbox 449 3957 621 4037; x_wconf 66' lang='lat'>111.·‚477.;</span> <span class='ocrx_word' id='word_1_253' title='bbox 646 3958 791 4023; x_wconf 89' lang='lat' dir='ltr'>Latonae</span> <span class='ocrx_word' id='word_1_254' title='bbox 811 3955 893 4035; x_wconf 88' lang='lat' dir='ltr'>filia,</span> <span class='ocrx_word' id='word_1_255' title='bbox 921 3957 1009 4043; x_wconf 93' lang='lat' dir='ltr'>quod</span> <span class='ocrx_word' id='word_1_256' title='bbox 1034 3953 1103 4021; x_wconf 84' lang='lat' dir='ltr'>fere</span> <span class='ocrx_word' id='word_1_257' title='bbox 1124 3954 1240 4027; x_wconf 86' lang='lat' dir='ltr'>ecdem</span> 
     </span>
     <span class='ocr_line' id='line_1_32' title="bbox 115 4068 1238 4163; baseline -0.009 -20"><span class='ocrx_word' id='word_1_258' title='bbox 115 4077 224 4153; x_wconf 86' lang='lat' dir='ltr'>redit,</span> <span class='ocrx_word' id='word_1_259' title='bbox 258 4077 375 4163; x_wconf 69' lang='lat' dir='ltr'>poitae</span> <span class='ocrx_word' id='word_1_260' title='bbox 397 4070 548 4158; x_wconf 85' lang='lat' dir='ltr'>Orphico</span> <span class='ocrx_word' id='word_1_261' title='bbox 576 4071 664 4158; x_wconf 91' lang='lat' dir='ltr'>apud</span> <span class='ocrx_word' id='word_1_262' title='bbox 687 4071 827 4139; x_wconf 81' lang='lat' dir='ltr'>Lobeck.</span> <span class='ocrx_word' id='word_1_263' title='bbox 854 4072 891 4137; x_wconf 88' lang='lat' dir='ltr'>in</span> <span class='ocrx_word' id='word_1_264' title='bbox 922 4068 1086 4156; x_wconf 82' lang='lat' dir='ltr'>Aglaoph.</span> <span class='ocrx_word' id='word_1_265' title='bbox 1106 4090 1141 4156; x_wconf 88' lang='lat' dir='ltr'>p.</span> <span class='ocrx_word' id='word_1_266' title='bbox 1162 4069 1238 4133; x_wconf 78' lang='lat'>561.</span> 
     </span>
    </p>
   </div>
   <div class='ocr_carea' id='block_1_6' title="bbox 117 4167 1366 4278">
    <p class='ocr_par' dir='ltr' id='par_1_6' title="bbox 117 4167 1366 4278">
     <span class='ocr_line' id='line_1_33' title="bbox 117 4167 1366 4278; baseline -0.01 -21"><span class='ocrx_word' id='word_1_267' title='bbox 117 4191 276 4259; x_wconf 89' lang='lat' dir='ltr'>Ceterum</span> <span class='ocrx_word' id='word_1_268' title='bbox 298 4201 373 4278; x_wconf 90' lang='lat' dir='ltr'>apte</span> <span class='ocrx_word' id='word_1_269' title='bbox 386 4188 424 4253; x_wconf 90' lang='lat' dir='ltr'>in</span> <span class='ocrx_word' id='word_1_270' title='bbox 439 4207 507 4250; x_wconf 89' lang='lat' dir='ltr'>una</span> <span class='ocrx_word' id='word_1_271' title='bbox 521 4181 653 4250; x_wconf 87' lang='lat' dir='ltr'>familia</span> <span class='ocrx_word' id='word_1_272' title='bbox 669 4195 845 4272; x_wconf 86' lang='lat' dir='ltr'>ponuntur</span> <span class='ocrx_word' id='word_1_273' title='bbox 865 4167 982 4267; x_wconf 85' lang='grc' dir='ltr'><em>Φοίβη,</em></span> <span class='ocrx_word' id='word_1_274' title='bbox 1001 4169 1239 4262; x_wconf 69' lang='grc' dir='ltr'><em>Λητῶ,Ἀστε·</em></span> <span class='ocrx_word' id='word_1_275' title='bbox 1349 4233 1366 4257; x_wconf 10' lang='grc' dir='ltr'>χ.</span> 
     </span>
    </p>
   </div>
   <div class='ocr_carea' id='block_1_7' title="bbox 114 4291 1239 4390">
    <p class='ocr_par' dir='ltr' id='par_1_7' title="bbox 114 4291 1239 4390">
     <span class='ocr_line' id='line_1_34' title="bbox 114 4291 1239 4390; baseline -0.01 -21"><span class='ocrx_word' id='word_1_276' title='bbox 114 4295 183 4390; x_wconf 74' lang='lat' dir='ltr'>pin,</span> <span class='ocrx_word' id='word_1_277' title='bbox 202 4291 336 4380; x_wconf 71' lang='grc' dir='ltr'><em>Ἑκάτη.</em></span> <span class='ocrx_word' id='word_1_278' title='bbox 385 4300 607 4365; x_wconf 88' lang='lat' dir='ltr'>Memoratum</span> <span class='ocrx_word' id='word_1_279' title='bbox 624 4296 679 4361; x_wconf 84' lang='lat' dir='ltr'>hic</span> <span class='ocrx_word' id='word_1_280' title='bbox 699 4296 843 4362; x_wconf 83' lang='lat' dir='ltr'>Phoebes</span> <span class='ocrx_word' id='word_1_281' title='bbox 860 4295 1025 4360; x_wconf 89' lang='lat' dir='ltr'>maritum</span> <span class='ocrx_word' id='word_1_282' title='bbox 1041 4317 1110 4363; x_wconf 88' lang='lat' dir='ltr'>non</span> <span class='ocrx_word' id='word_1_283' title='bbox 1127 4293 1239 4381; x_wconf 85' lang='lat' dir='ltr'>inepte</span> 
     </span>
    </p>
   </div>
   <div class='ocr_carea' id='block_1_8' title="bbox 1039 4410 1084 4482">
    <p class='ocr_par' dir='ltr' id='par_1_8' title="bbox 1039 4410 1084 4482">
     <span class='ocr_line' id='line_1_35' title="bbox 1039 4410 1084 4482; baseline 0.044 -2"><span class='ocrx_word' id='word_1_284' title='bbox 1039 4410 1084 4482; x_wconf 87' lang='grc'>18</span> 
     </span>
    </p>
   </div>
   <div class='ocr_carea' id='block_1_9' title="bbox 0 0 1488 5209">
    <p class='ocr_par' dir='ltr' id='par_1_9' title="bbox 0 0 1488 5209">
     <span class='ocr_line' id='line_1_36' title="bbox 0 0 1488 5209; baseline 0 0"><span class='ocrx_word' id='word_1_285' title='bbox 0 0 1488 5209; x_wconf 95' lang='lat' dir='ltr'> </span> 
     </span>
    </p>
   </div>
  </div>
 </body>
</html>
