2967 5209
658 378 685 438 Ο

490 519 521 568 ιιι
544 520 667 569 nesronr
691 522 904 573 runosonnu.
1186 495 1258 570 309

180 692 238 760 Est
253 687 362 771 ferula
384 678 534 780 (νάρθηξ)
557 692 656 758 arbor
678 716 721 759 ex
742 716 859 759 aarum
876 714 1005 782 genere,
1024 714 1107 781 quae
1124 693 1258 761 corticis
1295 764 1306 791 θ

123 803 208 869 Ioco
226 803 359 892 lignum
383 799 566 869 lorinsecus
585 804 726 884 habent,
747 807 835 895 ligni
855 817 967 871 autern
987 807 1060 871 loro
1083 802 1257 894 fiurgosam

127 915 228 980 intus
248 915 453 993 medullam,
475 928 516 981 ut
533 916 693 984 sambuci.
715 917 796 987 vid.
814 917 944 983 Plinius
963 918 1055 984 XIII.
1078 920 1132 984 22.
1152 917 1186 984 S.
1201 919 1255 983 42.

127 1025 175 1092 In
195 1027 282 1093 hanc
300 1025 428 1093 ferulae
446 1029 632 1102 medullam
655 1024 723 1118 (ννιρ
726 1018 819 1112 dulsos
842 1022 958 1110 νεάτην
980 1018 1072 1110 νηδὺν
1093 1029 1185 1096 dixit
1200 1028 1258 1096 Ni·

122 1140 254 1206 cunder
278 1140 377 1207 Alex.
400 1138 490 1228 272.)
520 1154 700 1231 exceptum
721 1145 837 1233 ignem
855 1143 1106 1210 Prometheus
1094 1165 1134 1208 m
1155 1154 1260 1209 terras

125 1252 277 1331 detulit,
308 1249 509 1319 furatus&
468 1245 544 1326 Aris
568 1246 661 1343 erupit
689 1246 894 1346 μητιόεντος,
924 1267 964 1322 ut
991 1257 1112 1322 diserte
1134 1255 1260 1320 dicitur

119 1348 270 1455 Emer
248 1370 360 1434 v..51
416 1368 485 1436 Hoc
506 1381 645 1449 secutus,
666 1378 772 1458 iguem
794 1369 941 1434 aetherea
960 1369 1054 1434 domo
1078 1367 1261 1435 subductum

127 1480 229 1545 dixit
247 1481 363 1547 Horat.
384 1481 410 1549 Ι.
429 1479 493 1550 Od.
511 1483 571 1550 111.
589 1484 655 1563 29,
680 1468 849 1591 οὐράνιον0
845 1474 902 1546 καὶ
923 1470 1036 1570 uidenti
1009 1482 1134 1568 ruric
1158 1479 1260 1544 etism

129 1592 353 1680 Apollonius,
377 1594 590 1660 Atheniensis
612 1595 763 1674 Rhetor,
791 1596 881 1683 apud
906 1595 1166 1673 Philostratum,
1188 1593 1260 1663 vit.

128 1702 394 1791 sepultrix.
404 1709 479 1794 §.3
526 1704 590 1772 Sed
601 1704 696 1773 fuere
712 1706 909 1794 antiquitus,
928 1706 988 1794 qui
1011 1705 1185 1771 coelestis
1174 1704 1292 1792 ignis·

54 1828 57 1831 ‘
127 1838 238 1904 genus
266 1820 450 1885 accuratius
471 1820 574 1885 etiam
600 1821 799 1898 definirent,
824 1802 1005 1886 secundum
1026 1843 1108 1907 quos
1127 1818 1263 1885 Servius

129 1929 174 1995 ad
197 1930 293 2019 Virg.
314 1933 386 1999 Ecl.
410 1932 470 1999 Vl.
493 1934 553 1999 II.
582 1933 822 1998 Prometheum
846 1934 960 2021 ignem
985 1930 1137 1997 furatum
1161 1930 1262 2009 dicit,

128 2041 288 2108 adhibita
306 2042 415 2111 ferula
437 2045 477 2114 ad
499 2057 611 2112 rotam
633 2043 736 2126 Solis3
763 2057 797 2110 et
816 2046 920 2125 hanc,
944 2047 982 2112 ni
1007 2042 1129 2122 fallor,
1154 2041 1264 2107 trodi-

129 2153 265 2219 tionem
289 2158 439 2245 respexit
463 2157 651 2239 Heraclides
678 2157 786 2246 Alleg.
814 2181 849 2247 p.
863 2218 869 2233 ,
882 2160 978 2238 489,
1010 2156 1153 2246 speculis
1181 2155 1266 2221 ahe-

129 2266 208 2332 neis
237 2279 354 2334 contra
376 2267 487 2335 Solem
511 2270 629 2358 positis
650 2270 764 2359 ignem
786 2271 953 2358 collegisse
978 2270 1111 2335 tradens
1131 2269 1266 2334 Prome·

130 2378 273 2445 theum:
295 2382 432 2473 qualem
451 2403 529 2447 saue
551 2382 690 2447 modurn
710 2382 795 2448 sacri
811 2382 899 2470 ignis
913 2382 1092 2471 reparandi
1110 2379 1268 2447 Peruanis

129 2489 390 2580 frequentatum
411 2490 514 2559 fuisse
538 2504 683 2558 constat:
708 2513 769 2558 nec
788 2493 912 2580 potuit,
933 2494 1000 2561 nisi
1019 2494 1098 2569 talis
1111 2493 1198 2581 ignis
1212 2491 1269 2557 vel

128 2604 174 2687 de
194 2601 365 2692 fulgurito
387 2626 558 2684 accensus,
581 2604 654 2671 Iovi
673 2616 846 2692 surreptus
865 2604 944 2672 dici.
990 2605 1184 2672 Reiicienda
1199 2602 1267 2692 igi·

131 2727 194 2782 tur
226 2716 314 2783 ratio
342 2717 482 2784 Diodori
507 2716 614 2785 Siculi
633 2719 676 2786 V.
700 2721 767 2799 67,
792 2718 1031 2786 Prometheum
1055 2721 1268 2787 inventorem

133 2827 240 2896 fuisse
270 2828 411 2895 dicentis
441 2819 506 2894 τῶν
530 2823 680 2917 πυρείων,
711 2832 776 2897 hoc
811 2844 877 2912 est,
911 2833 1218 2899 instrumentorum
1249 2855 1268 2897 e

132 2942 243 3030 ligno,
266 2943 321 3006 vel
341 2942 464 3030 lapide,
488 2964 634 3030 quorum
657 2944 781 3009 attritu
803 2945 858 3011 vel
879 2945 1054 3010 collisione
1069 2945 1156 3033 ignis
1176 2945 1268 3010 exci-

132 3066 240 3121 tatur.
264 3055 343 3123 Vid.
367 3055 509 3126 Wessel.
537 3056 576 3121 ad
607 3056 705 3121 Diod.
727 3057 752 3121 l.
780 3078 810 3123 c.
833 3055 1026 3121 Promethei
1046 3052 1182 3120 furtum
1206 3056 1268 3122 Le-

130 3166 273 3234 mnium
289 3189 489 3248 memorans,
513 3166 629 3233 Cicero
651 3167 691 3233 T.
711 3165 757 3254 Q.
782 3167 827 3234 ll.
850 3169 882 3234 9.
903 3166 1091 3256 significare
1113 3148 1266 3249 videtur,

132 3281 252 3368 ignem
282 3302 325 3345 ex
357 3278 488 3345 officina
508 3279 655 3347 Vulcani
678 3280 820 3346 Lemnia
847 3279 1061 3348 subductum.
1118 3282 1267 3359 Fortasse

131 3392 182 3459 sic
216 3392 401 3480 Aeschylus
432 3393 616 3460 tradiderat
650 3393 690 3459 in
726 3392 925 3460 Prometheo
954 3396 1010 3462 vel
1039 3393 1177 3475 Soluto,
1212 3397 1267 3461 vel

133 3494 319 3594 Πυρφὸρῳ,
342 3527 399 3570 seu
422 3499 573 3593 Πυρνινιεῖ.
607 3506 742 3572 Platoni
761 3506 898 3595 quidem
915 3507 953 3572 in
964 3508 1149 3597 Protagora
1168 3508 1220 3598 (T.
1238 3508 1264 3574 l.

132 3642 170 3707 p.
197 3621 275 3685 321.
302 3620 344 3685 D.
371 3615 425 3707 E.)
447 3600 575 3685 dicitur
599 3619 832 3699 Prometheus,
856 3642 901 3686 ex
934 3620 1060 3687 intrata
1085 3623 1175 3687 clam
1201 3620 1266 3687 Mi-
1333 3688 1336 3696 ,

132 3753 261 3799 nervae
282 3730 491 3817 Vulcanique
507 3733 682 3799 communi
703 3731 771 3820 (sed
792 3732 937 3812 coelesti,
957 3746 998 3798 ut
1018 3732 1165 3821 uidetur)
1194 3732 1265 3798 offi-

134 3845 211 3911 cina
229 3834 440 3939 furatus‘rIrae
460 3836 604 3932 ’ἔμπυρον
625 3837 749 3935 τέχνην
771 3844 960 3931 utriusque,
986 3845 1183 3912 hominibus
1197 3857 1265 3910 tra-

133 3957 273 4036 didisse,
300 3957 360 4044 qui
388 3958 480 4021 locus
507 3956 650 4023 collatus
674 3979 753 4025 curn
783 3958 888 4023 altero
908 3957 947 4022 in
970 3957 1109 4025 Philebo
1140 3959 1194 4041 (T.
1220 3958 1262 4023 II.

108 4054 115 4069 ’
134 4091 170 4156 p.
195 4071 247 4137 16.
269 4067 322 4158 C.)
344 4070 453 4148 docet,
485 4091 552 4159 qua
574 4069 724 4135 maxime
745 4092 783 4135 re
805 4070 899 4135 Plato
916 4069 1108 4138 Promethei
1130 4073 1167 4137 in
1194 4071 1263 4136 ho-

134 4180 245 4247 mines
277 4182 477 4250 beneficium
511 4181 687 4248 censuerit.
750 4182 938 4247 Praeiverat
971 4184 1039 4248 iam
1081 4185 1264 4272 Aeschylus

137 4291 249 4361 Prom.
269 4294 382 4364 Vincr.
409 4298 472 4363 109
492 4318 577 4381 seqq.
603 4284 918 4384 Ννρθηκοπληρωτὶν
943 4285 978 4365 δὲ
1002 4286 1144 4383 θηρῶμαι
1167 4288 1265 4383 πυρὸν
