2967 5209
473 526 505 574 11
532 520 655 571 ursioni
669 521 896 571 Ι1111111111.
1179 492 1245 567 iil

112 698 286 785 originem
300 652 503 761 'adscribdns
531 695 624 763 infra
658 718 690 762 v.
725 680 1122 782 18811113111111111,
1148 680 1250 780 quam

115 792 360 875 1111111.’353
377 809 468 874 inter
482 808 665 875 Oceanidas
685 816 868 884 memorat,
892 792 949 871 hic
969 792 1126 886 eandem,
1147 816 1186 871 ut
1199 807 1250 874 vi-

115 910 233 1001 detur,
265 905 356 988 inter
383 922 527 987 maiores
548 923 691 986 colloca't
714 920 814 996 Dens,
844 918 904 1005 qui
928 919 1021 983 locus
1041 917 1170 983 Dionae
1186 919 1250 983 111-

116 1024 238 1101 buitur
265 1036 367 1100 etiarn
397 1035 438 1100 H.
463 1035 563 1100 Hom.
587 1034 625 1098 in
647 1033 762 1120 Apoll.
788 1034 842 1096 93.
890 1030 941 1096 Ab
966 1028 1090 1096 ovidio
1112 1031 1252 1117 aliisque

117 1149 249 1214 Latinis
263 1146 371 1236 poitis
392 1148 514 1237 passim
536 1169 614 1212 cum
631 1145 762 1213 Venere
781 1141 957 1210 confusam
977 1143 1088 1209 videas
1106 1143 1249 1222 Dionen,

115 1263 207 1350 quod
230 1260 342 1328 fecisse
362 1284 416 1328 eos
440 1261 481 1326 ad
503 1259 708 1327 Graecorum
731 1259 929 1346 exemplum
949 1280 1028 1335 uero
1051 1258 1165 1324 simile
1186 1271 1249 1337 est,

115 1374 251 1439 tametsi
283 1375 351 1439 tale
377 1373 479 1439 hodie
499 1374 651 1438 ¹nullutn
680 1382 805 1455 exstat3
839 1370 930 1436 unde
963 1393 1066 1459 porro
1095 1371 1249 1461 colligas,

116 1488 232 1553 eadem
244 1482 363 1551 ‘ferme
383 1486 510 1551 Dionae
529 1485 666 1553 Veteres
687 1482 891 1561 attribuisse,
919 1504 1003 1571 quae
1024 1482 1164 1563 Veneri,
1195 1484 1251 1552 vi·

117 1600 257 1686 derique
280 1588 409 1687 possint
439 1585 540 1677 Διῶνη
562 1609 595 1663 et
619 1584 804 1684 Ἀφροδίτη
824 1596 954 1661 diversa
982 1592 1084 1662 fuisse
1103 1595 1250 1662 eiusdem

117 1715 207 1781 Deae
229 1713 368 1778 nomine
389 1735 452 1800 pro
465 1710 620 1790 diversis,
642 1709 704 1775 ubi
727 1710 766 1776 in
787 1698 925 1774 Graecia
935 1707 1144 1789 colebantur,
1157 1710 1250 1775 locis.

116 1828 247 1893 Favent
272 1825 420 1913 epitheta
446 1825 574 1890 Dionae
603 1823 734 1891 tributa
754 1824 790 1890 h.
820 1825 864 1903 1.,
896 1847 926 1890 v.
956 1825 996 1889 17
1027 1815 1140 1905 aunt,
1159 1820 1252 1888 infra

115 1962 151 2006 v.
188 1943 253 2004 353
286 1925 394 2027 ἐρατή.
447 1938 602 2004 Traditio
630 1949 744 2003 autem
778 1939 820 2003 de
841 1937 981 2005 Veneris
1003 1937 1168 2027 religione
1191 1958 1253 2025 per

115 2076 211 2119 mare
239 2054 278 2118 in
305 2052 484 2119 Graeciam
509 2053 656 2130 invecta,
689 2073 774 2139 quae
796 2050 922 2138 mytho
944 2050 1103 2118 Hesiodeo
1131 2074 1164 2118 v.
1188 2052 1252 2117 188

116 2167 287 2257 originem
307 2168 415 2246 dedit,
439 2165 595 2254 mythico
616 2187 769 2231 sermone
793 2164 896 2230 etiam
919 2164 1030 2230 efferri
1052 2164 1167 2253 potuit
1189 2162 1253 2228 hoc

9 2274 15 2281 ’
116 2282 239 2362 modo,
261 2292 302 2345 ut
315 2280 429 2348 Venus
450 2278 656 2348 Oceanitidis
672 2278 745 2344 11111
761 2277 949 2343 diceretur:
970 2277 1124 2366 quodque
1143 2275 1252 2345 Urani

118 2395 192 2459 filia
212 2393 321 2459 Dione
342 2392 469 2458 dicitur
493 2373 582 2481 apud
605 2391 853 2480 Apollodorum
878 2391 905 2457 Ι.
929 2392 958 2456 1.
982 2395 1013 2457 3.
1035 2401 1145 2479 potest
1167 2390 1251 2455 item
1353 2458 1355 2465 ,

118 2507 232 2574 varius
262 2505 363 2573 fuisse
387 2507 507 2573 modus
537 2505 738 2571 enuntiandi
770 2504 848 2585 illa,
870 2527 955 2592 quae
977 2506 1159 2571 traduntur
1184 2505 1250 2572 Th.

99 2641 151 2685 ,1.
178 2621 242 2685 180
263 2640 351 2706 seqq.

163 2847 268 2911 v.19.
293 2830 444 2912 'ranerii
460 2832 515 2932 τε)
536 2844 667 2910 Titanis
686 2843 808 2925 huius,
833 2844 988 2933 quamvis
1015 2867 1103 2923 non,
1133 2855 1174 2909 ut
1196 2866 1251 2909 oe-

117 2959 204 3038 teri,
233 2959 293 3046 qui
317 2959 373 3025 hic
396 2971 629 3025 memorantur
649 2959 722 3038 Dii,
755 2960 853 3025 cultu
879 2958 1084 3025 Graecorum
1106 2958 1253 3024 celebra·

118 3073 167 3153 ti,
201 3084 316 3138 tamen
338 3072 388 3138 ob
415 3084 563 3160 posteros
590 3073 661 3139 eius
686 3072 927 3139 Prometheum
955 3083 990 3138 et
1013 3071 1252 3139 Deucalionem

117 3186 286 3273 insignior
305 3197 473 3253 manserat
494 3186 587 3274 apud
619 3186 773 3272 antiquos
801 3184 955 3251 Hellenes
977 3185 1157 3265 memoria,
1184 3208 1252 3274 quo

118 3295 250 3363 factum
280 3298 433 3377 videtur,
464 3308 505 3363 11
534 3300 649 3364 locum
679 3299 710 3389 ei
733 3297 884 3363 dandum
913 3298 952 3363 in
976 3297 1039 3363 hac
1062 3298 1254 3364 recensione

8 3457 9 3462 κ
118 3414 219 3499 poita
247 3412 397 3479 duxerit.
444 3412 575 3490 Minus,
603 3423 644 3478 11
669 3412 808 3500 opinor,
837 3412 875 3476 in
898 3421 1048 3477 mentem
1075 3413 1110 3477 id
1137 3413 1253 3480 venire

119 3524 234 3613 potuit
256 3524 435 3590 recentiori
460 3524 639 3614 rhapsodo.

164 3772 198 3817 v.
222 3751 267 3813 22
300 3766 389 3837 seqq.
414 3747 522 3837 Super
542 3750 700 3830 historia,
724 3774 810 3838 quae
834 3751 891 3816 hio
919 3763 1094 3832 narratur,
1118 3751 1265 3818 varium,

121 3885 187 3927 esse
217 3861 384 3927 iudicium
408 3872 526 3952 potest.
573 3864 679 3929 Facili
704 3884 777 3929 rem
810 3865 943 3952 negotio
969 3865 1169 3953 transigent,
1193 3866 1254 3953 qui

122 3977 176 4042 vel
199 3997 277 4040 cum
297 3975 460 4043 Veterum
483 3975 683 4063 quibusdam
703 3998 838 4042 omnem
862 3975 1003 4042 Hesiodo
1024 3976 1253 4065 Theogoniam

123 4087 332 4167 diiudicant,
363 4089 416 4155 vel
440 4087 505 4154 hoo
531 4100 618 4154 certe
646 4088 860 4177 prooemium
879 4099 937 4153 aut
954 4100 1080 4168 totum,
1107 4101 1166 4154 aut
1190 4113 1254 4179 pro

8 4261 10 4286 ,
122 4212 219 4289 parte
252 4200 293 4264 ab
318 4201 394 4266 aliis
423 4211 536 4289 postea
560 4201 714 4266 additum
737 4201 946 4269 existimant.
993 4201 1092 4290 Quod
1114 4203 1142 4269 si
1176 4225 1254 4268 oum

33 4334 37 4341 ·
122 4313 286 4381 Veterum
316 4313 483 4402 plerisque
513 4314 625 4401 ipsum
650 4313 730 4378 haec
759 4314 808 4378 ita
831 4314 1015 4403 prodidisse
1037 4326 1160 4382 statues
1185 4316 1254 4382 lle-
