2967 5209
469 566 501 610 ru
527 566 652 611 nastoor
675 524 889 613 annosorum.
1052 616 1055 621 ,
1170 537 1243 610 277

114 739 202 802 mari
220 747 390 824 potentem
412 736 456 824 (v.
474 738 537 802 tta
553 761 617 825 seq.
631 736 720 826 427.)
738 762 806 803 non
825 739 943 816 Erebo,
964 761 1024 803 nec
1036 738 1240 803 triformem.

30 896 34 913 .
114 847 262 935 Longior
274 857 385 911 autem
405 846 475 912 eius
493 848 661 913 honorum
674 849 809 915 Hecates
823 851 1025 938 praedicatio
1041 874 1119 916 vero
1132 852 1244 916 simile

112 959 223 1025 videri
253 956 352 1036 facit,
377 940 469 1046 quod.
488 959 670 1026 Scholiasta
695 963 735 1026 ad
767 964 801 1027 h.
832 964 855 1030 l.
877 963 1000 1041 tradit,
1026 964 1243 1052 praecipuum

114 1073 204 1160 apud
227 1072 363 1136 Boeotos
385 1072 486 1137 huius
505 1075 590 1139 Deae
609 1073 710 1139 fuisse
732 1076 876 1140 cultum.
925 1075 969 1140 At
983 1097 1061 1139 vero
1076 1098 1150 1140 eam
1165 1100 1245 1165 prae

114 1185 232 1250 ceteris
252 1185 325 1250 Diis
343 1186 445 1250 etiam
475 1188 648 1274 Aeginetas
668 1188 825 1266 coluisse,
847 1189 906 1274 qui
922 1211 1091 1253 sacrorum
1113 1189 1246 1254 Hecates

114 1310 286 1363 auctorem
304 1298 369 1362 sibi
389 1297 565 1388 Orpheum
587 1300 753 1366 Thracem
771 1302 1005 1389 perhiberent,
1027 1303 1110 1367 item
1131 1313 1247 1367 narrat

115 1413 307 1491 Pausanias,
337 1414 363 1478 l.
389 1437 417 1477 c.
466 1412 550 1479 Sane
574 1416 708 1480 videtur
733 1439 751 1481 a
779 1416 1004 1504 septentrione
1026 1417 1107 1481 haec
1127 1416 1247 1503 religio

115 1524 243 1587 venisse
270 1523 307 1588 in
335 1522 526 1605 Graeciam,
560 1539 599 1591 ut
627 1528 709 1593 item
740 1530 802 1594 illa
830 1516 973 1592 Ἑκάτου
997 1541 1030 1592 et
1052 1521 1248 1614 Ἑκαέργης,

116 1635 332 1722 praesertim,
364 1657 406 1700 ex
435 1660 502 1723 quo
528 1639 632 1704 maris
663 1640 793 1705 Euxini
825 1640 942 1704 littora
975 1641 1249 1727 Argonautarum

116 1747 258 1834 aliisque
275 1748 546 1835 expeditionibus
570 1752 731 1817 celebrari
755 1766 869 1841 coepta
890 1765 985 1830 sunt,
1004 1776 1039 1817 ac
1053 1752 1190 1817 fortasse
1210 1753 1249 1817 ad

116 1861 413 1948 septentrionalem
454 1862 553 1927 huius
578 1865 752 1954 religionis
776 1867 943 1954 originem
969 1867 1135 1954 pertinet,
1163 1866 1250 1952 quod

118 1973 321 2060 Pherecydes
344 1974 487 2040 Hecaten
501 1976 614 2043 *filiam
630 1976 711 2043 fecit
723 1979 866 2045 Aristaei
882 1979 1029 2057 Paeonis,
1043 1990 1123 2043 teste
1139 1977 1250 2043 Schol.

118 2088 160 2152 ad
185 2085 298 2174 Apoll.
323 2088 391 2153 Rh.
417 2088 476 2154 III.
504 2090 579 2154 467.

166 2199 304 2266 Censuit
323 2200 474 2287 Heynius
489 2202 527 2265 in
543 2201 735 2268 Comment.
752 2204 792 2268 de
808 2202 1011 2291 Theogonia,
1035 2206 1148 2267 locum
1162 2203 1253 2266 hunc

119 2315 161 2377 de
189 2311 307 2381 Hecate
327 2323 437 2376 totum
459 2336 525 2378 esse
545 2337 588 2381 ex
600 2314 770 2404 Orphicis,
787 2316 824 2381 in
839 2316 961 2403 quibus
974 2315 1107 2381 Hecates
1126 2335 1253 2378 numen

122 2428 415 2515 potentissimum:
448 2429 507 2514 qui
538 2440 650 2494 tamen
686 2430 891 2517 antiquiores
919 2429 1060 2493 Hesiodo
1089 2426 1255 2517 Orphicos

120 2539 313 2616 intellexit,
330 2539 461 2618 addens,
482 2542 597 2619 locum
615 2540 706 2604 hunc
724 2539 803 2604 satis
825 2541 879 2605 vel
898 2554 1008 2605 unum
1023 2538 1252 2625 testariposse,

121 2675 166 2716 ex
189 2649 347 2739 pluribus
373 2652 481 2738 poetis
501 2675 559 2716 sua
586 2651 755 2740 collegisse
776 2652 969 2717 Hesiodum.
1016 2649 1102 2716 Huic
1129 2648 1256 2715 iudicio

121 2787 193 2828 non
217 2774 281 2842 est,
314 2764 402 2849 quod
435 2764 657 2829 intercedam:
692 2765 764 2842 sed,
795 2764 983 2851 quodvult
1008 2762 1254 2849 Goettlingius,

121 2888 213 2941 certa
235 2876 360 2941 indicia
382 2898 463 2956 esse,
495 2877 587 2941 huno
607 2875 782 2963 hymnum
807 2876 846 2940 in
873 2875 1015 2939 Hecaten
1043 2873 1086 2963 (1)
1116 2897 1186 2939 non
1216 2872 1257 2935 ab

122 2989 262 3074 antiquo
284 3001 417 3054 auctore
436 2988 645 3076 Theogoniae
666 2987 857 3077 profectum
879 3011 960 3065 esse,
981 2983 1037 3052 sed
1063 2987 1216 3051 additum
1239 3008 1257 3049 a

15 3128 16 3135 ¹
124 3100 369 3166 recentioribus
393 3100 518 3189 poitis,
542 3099 679 3165 fortasse
699 3098 934 3181 Onomacrito,
958 3099 1063 3186 deque
1073 3122 1110 3162 ea
1128 3121 1165 3162 re
1182 3120 1257 3183 mo·

123 3215 235 3280 nuisse
257 3215 325 3279 iam
359 3202 548 3301 Heyniuin,
580 3213 683 3277 illud.
699 3212 789 3278 mihi
818 3235 887 3277 non
917 3234 1018 3300 aeque
1042 3212 1255 3301 probandum

79 3370 81 3379 ·
124 3326 262 3391 videtur
290 3338 387 3412 atque
414 3326 607 3391 Hermanno
630 3325 668 3388 in
694 3323 841 3391 Censura
864 3322 1154 3412 Goettlingianae,
1178 3346 1255 3387 cum

125 3462 232 3525 neque
265 3451 352 3503 certa
383 3438 543 3516 habeam,
566 3460 650 3524 quae
674 3437 903 3526 Goettlingius
927 3436 1037 3503 adfert
1056 3436 1199 3516 indicia,
1224 3447 1258 3500 et

123 3553 224 3639 longe
252 3551 318 3616 alia
345 3553 513 3617 monuisse
541 3550 714 3639 Heynium
750 3574 794 3616 ex
827 3575 928 3640 supra
958 3552 1056 3616 dictis
1088 3551 1254 3638 adpareat.

125 3665 234 3744 Tum,
263 3665 300 3728 ni
325 3662 444 3741 fallor,
467 3665 704 3751 antiquitatem
726 3665 829 3728 huius
849 3666 914 3730 loci
931 3640 1064 3752 prodit,
1088 3664 1176 3749 quod
1195 3663 1256 3726 ille

124 3777 269 3844 Hecaten
299 3775 395 3840 nobis
421 3776 561 3841 exhibet
585 3777 687 3841 aliam
718 3777 818 3863 longe
843 3787 941 3860 atque
964 3797 1037 3839 eam
1059 3774 1257 3837 recentiores
1338 3838 1341 3845 ,

124 3892 227 3978 vulgo
251 3888 315 3953 sibi
340 3885 584 3953 informarunt.

120 4024 127 4038 ⁴
170 4002 312 4069 Hecaten
335 4002 458 4080 Persae,
481 4001 567 4068 Coeo
584 4001 801 4089 Eurybiaque
813 3998 930 4087 geniti,
945 4008 979 4060 et
989 3997 1137 4063 Asteriae
1147 3995 1257 4061 filiam

124 4117 167 4181 ab
186 4116 327 4181 Hesiodo
345 4115 425 4194 dici,
446 4125 586 4179 testatur
603 4115 734 4180 Tzetaes
753 4112 794 4179 ad
809 4110 978 4200 Lycophr.
995 4134 1027 4178 v.
1047 4112 1144 4176 1175.
1164 4110 1257 4174 Tita-

125 4231 179 4296 nis
205 4239 238 4293 et
261 4227 408 4293 Asteriae
437 4227 546 4293 filiam
566 4225 659 4292 Serv.
683 4227 722 4292 ad
743 4227 825 4292 Aen.
847 4224 906 4291 lv.
929 4226 1005 4290 511.
1041 4224 1188 4288 Perseida
1215 4224 1257 4288 ab

125 4342 238 4408 eodem
263 4353 414 4405 vocatam
442 4340 595 4405 Eustath.
619 4339 658 4403 ad
683 4338 746 4404 Od.
768 4362 802 4426 p.
827 4339 924 4402 1651.
948 4343 1001 4405 56.
1024 4336 1135 4401 Schol.
1156 4338 1258 4423 Vulg.
