2967 5209
291 491 362 566 210
732 516 972 563 corrsrrrurrs

290 693 432 764 terrain,
456 687 621 755 stillantes
643 688 721 755 inde
743 700 852 775 guttas
874 689 977 754 Terra
999 710 1112 754 omnes
1135 688 1263 776 excepit
1279 689 1386 777 grentio

291 798 336 885 (v.
364 801 427 867 183
448 802 559 885 seqq).

334 1047 367 1091 v.
394 1025 458 1088 183
479 1045 558 1087 cum
581 1023 708 1089 duobus
724 1025 936 1112 sequentibus
949 1025 1031 1091 citat
1046 1029 1161 1115 Etyrn.
1179 1026 1265 1093 Gud.
1276 1051 1309 1116 p.
1324 1027 1385 1091 206.
1436 1072 1437 1097 ;

293 1137 333 1201 43
355 1158 440 1222 seqq.

334 1386 365 1428 v.
394 1365 467 1429 185.
501 1341 626 1451 y'stssr'
650 1352 798 1450 Ἐριννῦς)
820 1361 964 1429 nefando
992 1364 1112 1429 scelere
1132 1363 1199 1429 filii
1220 1364 1257 1427 in
1277 1373 1388 1451 patrem

249 1524 250 1527 ,
287 1476 462 1541 commisso
485 1498 681 1562 consequens
702 1474 787 1554 fuit,
812 1487 851 1549 ut
865 1488 1077 1541 nascerentur
1092 1475 1268 1563 Erinnyes.
1291 1474 1388 1543 Modus

289 1598 419 1665 autem,
439 1612 505 1674 quo
526 1599 698 1675 generatae
715 1589 889 1668 dicuntur,
904 1589 1047 1675 dignum
1065 1591 1163 1676 potita
1181 1599 1388 1653 commentum

288 1699 436 1767 exhibet.
484 1695 615 1788 Ἐριννῦς
636 1700 801 1767 dictae-ab
822 1689 973 1788 &purten
988 1701 1169 1794 Arcadibus
1185 1702 1304 1789 furere.
1325 1700 1387 1768 Vid.

287 1812 423 1877 Pausan.
446 1813 538 1895 VIII,
564 1816 617 1878 25.
640 1820 659 1902 §
684 1814 713 1879 4.
1243 1860 1269 1887 ..

331 1923 420 2012 Ques
442 1927 524 1995 Deas
540 1928 757 1995 Athenienses
777 1917 918 2012 Etruriae,
941 1951 992 1993 eas
1013 1928 1194 1995 Hesiodum
1207 1930 1246 1994 in
1260 1927 1386 2013 Theogo-

286 2039 343 2103 nia
366 2034 498 2127 Ἐριννῦς
518 2041 662 2117 dixisse,
685 2039 803 2108 scribit
824 2041 926 2107 huius
947 2043 1013 2107 loci
1035 2065 1167 2109 memor
1189 2040 1352 2109 Pausanias
1365 2035 1386 2100 Ι.

286 2154 350 2219 28:
365 2159 396 2222 6.
507 2194 511 2207 .

333 2255 506 2357 μεγάλους
526 2286 565 2332 τε
587 2260 765 2357 Γίγαντας)
789 2271 870 2335 Fuit
894 2269 1096 2357 Gigantum,
1127 2281 1168 2334 ut
1198 2268 1385 2357 Cyclopum,

284 2382 515 2467 antiquissima
548 2383 721 2448 memoria.
775 2382 856 2446 Fuit
885 2382 1044 2447 similiter
1077 2381 1180 2446 etiam
1208 2381 1385 2447 Phaeacum.

284 2493 398 2579 Itaque
427 2493 606 2581 Cyclopes,
646 2494 818 2582 Gigantes,
853 2494 1011 2561 Phaeaces
1043 2483 1121 2563 θεοῖς
1155 2481 1297 2584 ἐγγύθεν
1325 2476 1385 2556 risu

282 2606 443 2670 dicuntur
464 2605 527 2673 Od.
552 2605 592 2672 H.
618 2606 682 2672 205
704 2629 792 2693 seqq.
830 2608 885 2672 Ex
905 2605 998 2674 Coeli
1009 2606 1215 2694 'genitalium
1234 2606 1384 2696 sanguine.

283 2740 303 2780 a
323 2716 425 2782 Terra
451 2718 592 2804 coniuge
622 2729 778 2805 excepto,
810 2720 884 2784 nati
912 2719 967 2784 hic
988 2719 1144 2808 Gigantes
1163 2721 1384 2810 perhibentur,

283 2830 577 2917 quemadmodum,
594 2830 681 2917 apud
700 2829 924 2919 Apollonium
937 2832 1048 2899 Rhod.
1066 2834 1124 2902 IV.
1146 2836 1223 2924 922.
1241 2846 1274 2900 et
1289 2830 1384 2898 lauda·

282 2955 333 3008 tos
350 2942 400 3008 ibi
428 2943 467 3008 in
489 2941 633 3008 Soholiis
653 2955 801 3008 auctores
822 2943 1015 3011 Acusilasun
1035 2957 1069 3011 et
1093 2947 1262 3026 Alcaeum,
1282 2946 1384 3012 Phace-

281 3083 342 3126 ces.
373 3061 426 3125 Ex
446 3057 547 3125 Coelo
572 3067 605 3121 et
624 3056 726 3122 Terra
742 3054 899 3144 Gigantes
919 3068 1014 3122 natos
1028 3059 1132 3124 tradit
1147 3061 1250 3125 etiam
1265 3056 1384 3147 Apollo-

281 3175 380 3238 dorus
403 3171 571 3248 I.VI.1.,
595 3170 650 3235 sed
672 3192 716 3234 ex
727 3169 831 3234 Terra
852 3179 886 3233 et
909 3170 1049 3234 Tartaro
1072 3169 1228 3258 Hyginus
1245 3171 1283 3236 in
1294 3162 1382 3258 praef.

325 3284 511 3372 Gigantum
538 3281 677 3348 nomina
706 3292 740 3347 et
769 3281 1025 3369 descriptionem
1048 3282 1133 3347 olim
1154 3282 1194 3349 in
1212 3278 1384 3370 Theogonia

281 3397 397 3480 fluisse,
426 3394 557 3482 colligit
578 3394 845 3482 Muetzeutcsp.
871 3396 934 3463 418
957 3417 1042 3481 seqq.
1066 3417 1109 3461 ex
1137 3395 1228 3463 hisce
1249 3389 1385 3482 Gregorii

281 3514 321 3578 ee
343 3512 406 3576 nra
426 3494 536 3576 versu
556 3506 651 3574 orat.
673 3507 733 3573 111.
759 3530 793 3595 p.
814 3510 888 3577 103.
911 3509 951 3573 n.
979 3507 1052 3572 104.
1079 3509 1119 3577 a.
1145 3500 1224 3582 ron
1244 3499 1386 3579 risun,
1436 3504 1437 3597 t

280 3616 358 3697 τοὺς
387 3613 552 3711 ripum
572 3611 664 3706 pert
694 3611 759 3687 τῶν
792 3610 946 3709 Φοβερῶν
959 3598 960 3603 ¹
974 3610 1140 3706 ὀνομάτων
1166 3640 1206 3688 τε
1233 3613 1289 3688 cci
1313 3633 1384 3706 rpu-

279 3725 435 3829 γμάτων,
455 3726 569 3816 Korde,
590 3721 753 3823 Βριάρεως,
774 3730 892 3824 Γύγης.
905 3721 1116 3823 Ἐγκέλαδος,
1135 3726 1167 3801 οἱ
1185 3717 1385 3822 dpaursrcni

279 3842 354 3933 dee,
375 3845 404 3916 ot
425 3837 650 3936 κεραυνοφόροι
673 3834 736 3913 θεοί
757 3866 788 3912 κ.
808 3865 840 3909 τ.
862 3849 894 3914 λ.
929 3845 1002 3926 Sed,
1024 3868 1102 3913 cum
1124 3846 1281 3936 Gregorii
1291 3846 1383 3911 Inter·
1436 3914 1437 3935 ,

278 3938 396 4055 protes,
430 3932 568 4028 Nonnus
590 3959 615 4025 f.
641 3963 695 4025 73.
720 3983 754 4046 p.
780 3961 855 4023 517.
886 3959 976 4024 Elias
1003 3958 1168 4024 Cretensis
1195 3983 1229 4048 p.
1257 3960 1329 4026 383.
1350 3953 1382 4020 A·

278 4078 461 4144 Montacut.
479 4098 514 4162 p.
529 4077 603 4140 153.
622 4074 661 4138 in
678 4072 742 4136 hoc
757 4061 830 4137 loco
846 4071 1045 4160 explicando
1057 4071 1146 4137 muti
1159 4073 1238 4152 sint,
1257 4071 1382 4139 illorum
1436 4122 1437 4163 ,

278 4203 382 4257 aetate
411 4190 480 4255 iam
503 4187 709 4254 intercidisse
737 4197 861 4264 censet,
891 4208 974 4271 quas
996 4185 1151 4274 Gregorii
1170 4197 1318 4273 tempore
1334 4178 1384 4245 ad-

276 4303 346 4369 huc
368 4301 550 4367 exstabant.
590 4299 679 4366 Mihi
701 4291 731 4363 oi
754 4285 1024 4385 dpcuortorto'dec,
1049 4293 1078 4365 ri
1098 4279 1382 4386 nepmvotpc'prrdeoi
