2967 5209
243 436 246 449 ¹
275 451 345 524 352
715 477 954 524 cormaricus

275 643 427 734 (solemni
450 646 596 710 Deorum
619 647 844 734 appellatione
865 649 912 712 sic
934 648 1041 712 dictus
1063 645 1223 735 Typhon)
1250 646 1396 724 ardebat,
1447 642 1448 721 ζ

274 759 340 824 lato
361 756 518 844 dissipata
540 780 654 823 omnes
676 760 820 838 montis,
849 761 974 845 inquo
997 759 1169 845 ceciderat,
1193 761 1298 823 saltus
1326 783 1395 824 cor·
1447 732 1448 773 ³

273 869 382 958 ripuit
405 869 451 959 (v.
474 873 539 936 859
561 870 672 958 seqq).
717 870 862 958 Quaeras
886 872 981 937 cuius
1006 868 1155 937 montis?
1180 874 1327 938 Aetnam
1346 872 1395 935 in·

273 985 424 1072 telligere
446 985 614 1071 quosdam,
639 1009 707 1051 non
730 988 881 1065 mireris,
905 987 1141 1074 praeeuntibus
1166 987 1235 1051 iam
1254 986 1395 1050 Pindaro

273 1095 330 1162 Ol.
355 1097 413 1162 IV.
440 1098 491 1162 12.
516 1098 618 1187 Pyth.
642 1098 669 1164 Ι.
695 1099 737 1165 29
760 1121 845 1185 seqq.
871 1098 1036 1186 Aeschylo
1059 1100 1169 1164 Prom.
1195 1102 1272 1177 365.
1308 1096 1393 1186 (373.

274 1208 413 1298 Blomf.)
446 1212 716 1296 mentionemque
747 1213 870 1277 Aetnae
899 1210 1024 1275 alicubi
1046 1210 1087 1275 ab
1111 1209 1251 1276 Hesiodo
1275 1207 1393 1272 factam

273 1323 368 1389 docet
400 1324 632 1391 Eratosthenes
663 1328 752 1413 apud
784 1324 892 1391 Strab.
918 1326 943 1390 Ι.
971 1347 1006 1411 p.
1032 1320 1390 1411 23.(42.Alme10v.).

274 1435 431 1503 Attamen
451 1439 543 1504 nihil
562 1438 618 1503 hic
643 1440 778 1524 quidem
799 1441 893 1504 locus
918 1437 1028 1516 habet,
1049 1438 1137 1523 quod
1160 1437 1201 1501 dc
1220 1435 1329 1501 Aetna
1347 1458 1392 1498 co-

272 1551 378 1639 gitare
406 1575 478 1623 nos,
499 1552 623 1618 iubeat.
670 1553 832 1617 Homerus
865 1564 977 1618 antem
1008 1553 1049 1616 Il.
1079 1552 1115 1616 Β.
1147 1551 1210 1617 782
1240 1573 1308 1637 seq.
1333 1551 1391 1634 Ty·

273 1664 421 1750 phoeum
444 1664 580 1729 verbere
604 1665 691 1730 Iovis
713 1687 906 1753 percussum
928 1665 1012 1729 dicit
1034 1654 1077 1727 εἶν
1100 1654 1264 1750 Ἀρὶμοις,
1289 1662 1392 1747 ibique

273 1797 338 1839 esse
369 1769 526 1859 Τυφωέος
547 1766 639 1847 εὐνᾶς
662 1789 695 1842 et
719 1800 798 1843 vero
816 1776 987 1855 Hesiodus,
1014 1776 1200 1842 Echidnam
1214 1772 1392 1864 Typhaoni

273 1898 417 1975 nuptam
437 1889 564 1976 pariter
579 1879 621 1953 ab
643 1883 806 1978 Ἀρὶμοισι
829 1892 954 1978 degere,
971 1891 1076 1954 tradit
1090 1913 1192 1977 supra
1206 1913 1241 1957 v.
1253 1890 1321 1955 304
1334 1909 1389 1972 seq.

274 2000 387 2088 Itaque
412 2003 592 2067 secundum
613 2004 693 2068 haec
717 2003 927 2092 probabilius
945 2005 1067 2091 cogites
1081 2004 1122 2068 de
1144 2015 1260 2068 monte
1275 2003 1316 2066 in
1327 2001 1393 2067 Ari·

273 2113 349 2179 mis.
395 2112 458 2179 Sed
488 2116 702 2195 Arimorum,
734 2117 803 2181 sive
831 2117 1068 2184 Aramaeorum
1092 2138 1215 2181 nomen
1241 2115 1391 2180 latissime

251 2226 256 2229 ’
274 2228 385 2315 patuit
411 2228 501 2318 (Vid.
524 2227 643 2294 Strabo
660 2228 754 2296 XIII.
769 2253 803 2318 p.
821 2231 887 2294 626
902 2252 967 2315 seq.
985 2236 1028 2315 (p.
1046 2230 1110 2294 929
1128 2251 1193 2315 seq.
1205 2224 1390 2311 Almelov.)‚

273 2342 416 2426 cumque
439 2338 541 2428 Syros
563 2341 665 2406 etiam
687 2364 724 2406 eo
746 2342 931 2428 designatos
950 2338 1050 2405 fuisse
1069 2351 1212 2418 constet,
1235 2363 1308 2404 non
1321 2339 1391 2403 citra

274 2452 422 2538 aliquam
445 2454 515 2519 veri
537 2453 679 2540 speciem
698 2452 848 2519 Clericus
862 2454 988 2539 aliique
1002 2446 1211 2531 recentiores,
1225 2448 1392 2517 memorati

276 2564 317 2629 ab·
333 2564 467 2651 Heynio
491 2565 528 2629 in
552 2563 683 2631 Comm.
706 2567 748 2628 ad
767 2566 808 2630 ll.
827 2566 853 2628 l.
874 2587 902 2629 c.
930 2564 1057 2628 montis
1081 2562 1281 2627 Moabitidos
1303 2574 1335 2627 et
1353 2562 1391 2625 la-

274 2675 332 2740 cius
356 2677 556 2764 Asphaltitis
579 2677 733 2741 incendia
756 2677 793 2740 in
818 2676 881 2740 hoc
899 2676 1022 2763 mytho
1042 2677 1161 2762 respici
1176 2675 1388 2739 crediderunt·
1447 2690 1448 2711 ἒ

276 2788 432 2855 Attamen
457 2788 611 2875 equidem
632 2789 746 2877 potius
770 2810 850 2853 cum
872 2787 1058 2864 Veteribus,
1085 2787 1228 2879 Pindaro
1248 2787 1350 2873 Pyth.
1368 2785 1390 2847 I.
1447 2780 1448 2837 ἒ

276 2906 330 2969 32.
355 2903 521 2990 Aeschylo
546 2903 657 2967 Prom.
686 2904 761 2968 351.
787 2899 923 2989 (Blomf.
944 2905 1036 2986 359.)
1060 2900 1216 2986 Apollod.
1240 2900 1344 2967 LVI.
1365 2901 1389 2963 3.

275 3021 294 3103 §
320 3020 355 3082 1:
378 3028 411 3081 et
439 3020 470 3082 8.
497 3016 538 3080 ab
567 3016 711 3081 Homero
741 3014 907 3101 designari
939 3026 1052 3102 putem
1086 3015 1219 3079 Arimos
1253 3012 1392 3078 Ciliciae.

233 3154 236 3157 ’
275 3129 402 3196 Verum
422 3129 514 3193 enim
535 3151 631 3206 vem,
651 3127 804 3214 quamvis
826 3125 924 3192 facile
949 3126 1038 3190 mihi
1060 3125 1252 3213 persuaderi
1271 3127 1389 3213 patiar,

242 3239 244 3244 ’
276 3263 348 3304 eam
378 3239 643 3329 fuissopatriam
667 3239 881 3326 Typhaonis,
910 3239 979 3304 sive
1000 3238 1050 3302 ibi
1070 3250 1189 3302 natum
1214 3261 1280 3303 esse
1303 3240 1342 3303 de
1361 3259 1391 3301 eo
1447 3259 1448 3264 ¹

276 3354 458 3442 mythum,
484 3378 552 3418 non
572 3355 653 3418 item
678 3353 776 3418 facilc
800 3352 995 3431 admittam,
1020 3354 1058 3417 in
1082 3351 1146 3417 hoc
1173 3352 1309 3417 Hesiodi
1330 3355 1391 3417 loco

276 3468 316 3532 de
338 3466 475 3534 Ciliciae
497 3479 611 3530 monte
640 3468 707 3554 agi,
738 3467 886 3543 camsi,
913 3466 1022 3530 missis
1042 3466 1134 3543 aliis,
1159 3487 1242 3551 quae
1267 3462 1391 3529 aliunde

275 3590 442 3654 tenemus,
471 3576 673 3665 simpliciter
701 3579 741 3642 ad
769 3579 899 3656 locum,
930 3590 968 3642 ut
989 3590 1054 3656 est,
1088 3579 1317 3656 attendamus,
1340 3577 1390 3640 vix

275 3691 457 3779 quidquam
474 3689 570 3754 nobis
588 3691 625 3754 in
650 3702 799 3754 mentem
824 3691 938 3755 venire
958 3691 1079 3777 possit,
1103 3690 1170 3754 nisi
1188 3691 1267 3772 hoc,
1300 3712 1389 3755 mon·

276 3817 346 3869 tem
368 3827 385 3869 a
411 3806 508 3891 poeta
532 3803 675 3868 indicari
698 3802 850 3891 Olympo
865 3803 1068 3882 subiectum,
1094 3807 1147 3869 vel
1164 3805 1194 3868 ei
1216 3816 1304 3870 certe
1319 3802 1389 3868 vici·

276 3939 371 3980 num.
416 3918 461 3982 Et
491 3913 561 3980 fuit
592 3938 668 3980 sane
699 3916 790 3980 haud
819 3916 1010 4003 longissime
1042 3916 1083 3979 ab
1111 3916 1260 4003 Olympo
1283 3936 1387 3986 mons,

277 4028 497 4118 Typhaonius
517 4029 636 4108 dictus,
659 4029 753 4094 cuius
776 4029 816 4093 fit
835 4029 963 4092 mentio
978 4029 1016 4093 in
1033 4016 1136 4108 Scuto
1151 4053 1183 4093 v.
1202 4032 1269 4109 32,
1285 4047 1388 4115 quem·

276 4162 341 4226 que
360 4141 496 4229 respicit
518 4139 700 4207 Scholiasta
722 4141 858 4206 Pindari
876 4141 932 4207 01.
948 4142 1005 4209 IV.
1027 4144 1077 4207 12.
1091 4143 1126 4207 P.
1143 4143 1170 4206 I.
1185 4144 1251 4221 32,
1263 4140 1388 4230 Typho-

278 4252 315 4316 ni
342 4255 577 4349 superiectum¹
594 4267 744 4321 montem
765 4256 931 4335 Boeotiae,
954 4258 1112 4343 quosdam
1136 4258 1264 4322 tradere
1292 4254 1385 4343 signi·
1447 4334 1448 4359 1
