2967 5209
458 505 490 551 m
514 505 638 554 ansioni
661 490 875 555 senocounn.
1159 476 1229 553 179

105 659 287 760 ἀπέραντον
312 662 463 763 χώρημοο.
511 679 586 742 Esse
614 677 749 742 Hesiodi
771 665 863 748 Χάος
885 677 1148 742 immensitatem
1173 700 1229 742 va·

103 785 161 850 cui
186 786 288 874 spatii
315 808 430 851 rerum
454 789 609 853 omnium
635 812 804 878 capacem,
830 802 920 854 recte
940 789 1024 854 item
1041 800 1231 855 statuerunt

102 900 299 966 Aristoteles
325 899 457 988 Physic.
484 902 581 967 Ausc.
616 903 672 970 IV.
702 905 731 968 1.
762 903 896 989 eiusque
919 902 1118 990 interpretes
1141 901 1229 966 Tha·
1344 884 1348 891 ι

102 1011 237 1076 mistius
264 1035 300 1100 p.
323 1015 377 1076 36.
400 1014 431 1078 6.
458 1011 653 1102 Simplicius
677 1038 712 1102 p.
735 1016 809 1082 122.
833 1016 907 1080 124.
925 1014 957 1079 b.
991 1014 1130 1079 Ioannes
1148 1013 1230 1079 Phi-

102 1127 248 1212 loponus
279 1126 320 1189 ad
351 1127 408 1194 IV.
428 1150 464 1214 p.
489 1130 520 1192 2.
551 1127 621 1192 fin(
658 1127 826 1195 Similiter
848 1129 1047 1194 Plutarchus
1069 1129 1111 1196 de
1135 1129 1176 1192 Is.
1198 1139 1232 1193 et

103 1235 160 1303 Os.
183 1249 216 1302 et
236 1236 342 1306 Conv.
368 1238 501 1325 Quaest.
525 1241 564 1305 ll.
584 1264 629 1306 cc.
655 1240 812 1307 Ceterum
831 1241 958 1329 ambigi
972 1252 1092 1329 potest,
1112 1253 1232 1306 utrum

104 1349 264 1415 Hesiodus
284 1351 497 1438 primaevum
519 1352 608 1417 illud
631 1341 724 1425 Χάος
746 1354 943 1441 cogitaverit
966 1354 1068 1419 inane
1085 1375 1230 1441 prorsus,

105 1487 150 1529 an
166 1463 352 1528 commixta
370 1462 495 1529 habens
514 1465 625 1551 prima
646 1488 762 1530 rerum
783 1466 924 1543 semina,
948 1466 1233 1553 quemadmodum

107 1577 270 1664 Epicurus
289 1576 356 1640 duc
377 1598 443 1641 esse
459 1578 571 1643 voluit
586 1600 702 1643 rerum
722 1580 901 1667 principia,
922 1591 1050 1644 atomos
1069 1592 1103 1645 et
1118 1581 1230 1644 inane.

108 1688 193 1756 Sane
215 1689 252 1754 in
283 1687 371 1752 hanc
393 1699 524 1776 partem
550 1689 782 1778 accipiendum
805 1686 940 1777 po‘etani
957 1692 1026 1755 iam
1047 1690 1234 1778 antiquitus

106 1806 262 1893 opinatus
288 1813 336 1867 est
364 1802 567 1890 Pherecydes
597 1801 731 1890 Syrius,
767 1826 881 1868 rerum
910 1803 1122 1892 principium
1155 1824 1232 1867 cum

70 1922 77 1943 ‘
106 1917 248 1983 Thalete
272 1937 392 2023 aquarp
407 1937 473 1980 esse
488 1926 635 1981 statuens
649 1928 683 1980 et
699 1917 789 1982 illud
802 1903 895 1987 Χάος
918 1909 1135 2004 nuncupans,
1154 1927 1235 1980 teste

106 2030 243 2097 Achille
257 2029 353 2095 Tatio
378 2030 404 2093 1.
426 2050 475 2094 c.:
491 2051 573 2115 quae
592 2029 767 2107 sententia,
786 2030 814 2093 si
835 2029 922 2094 hanc
943 2030 1016 2095 vim
1033 2028 1172 2104 habuit,
1195 2038 1237 2091 ut

105 2145 263 2209 dicantur
286 2144 323 2207 in
347 2142 438 2209 Chao
464 2165 565 2229 aquae
583 2142 711 2207 semina
732 2140 852 2220 fuisse,
876 2143 976 2207 nullo
998 2142 1136 2230 quidem
1157 2140 1237 2205 satis

105 2258 219 2324 valido
245 2266 441 2344 argumento
466 2258 583 2342 poitae
601 2276 694 2343 posse
713 2255 819 2320 adseri
840 2255 992 2334 videtur3
1013 2264 1162 2317 attamen
1178 2275 1236 2318 ne-

104 2393 170 2457 que
189 2392 281 2435 nunc
301 2391 320 2432 a
335 2367 432 2433 nobis
450 2379 611 2454 tanquam
631 2366 714 2433 fals·
730 2379 764 2433 et
781 2367 822 2433 ab
839 2366 973 2432 Hesiodi
995 2379 1107 2432 mente
1125 2365 1236 2431 aliena

106 2483 263 2570 redargui
286 2492 405 2570 potest.
455 2479 517 2546 Sed
550 2482 621 2546 sine
650 2481 754 2546 dubio
782 2480 939 2546 dicendus
964 2479 1003 2544 in
1026 2478 1091 2543 hoc
1114 2500 1237 2543 errasse

106 2598 325 2685 Pherecydes,
348 2596 437 2682 quod
460 2616 581 2681 aquam
603 2593 752 2658 statuita
771 2595 869 2681 po'eta
892 2580 984 2662 Χάος
1003 2592 1129 2657 dictam
1143 2581 1238 2679 ποοροὶ

20 2752 26 2771 -„
106 2703 146 2777 το
169 2697 307 2800 χεῖσθαι
329 2732 386 2774 seu
407 2699 501 2795 trapis
525 2700 581 2788 rip
606 2702 733 2797 χύσιν,
764 2716 804 2769 ut
827 2717 876 2771 est
899 2705 989 2793 apud
1014 2704 1237 2770 Plutarchum

107 2825 244 2912 Aquane
267 2846 310 2888 an
334 2822 423 2909 Ignis
452 2822 476 2886 l.
500 2844 530 2885 c.
577 2820 641 2886 Nec
668 2819 782 2885 verior
811 2818 975 2882 sententia
998 2817 1151 2882 habenda
1178 2828 1237 2882 aut

106 2935 269 3004 Zenodoti
292 2936 330 2999 in
351 2932 485 2998 Hesiodi
508 2931 659 3011 Scholio,
680 2931 769 3017 quod
792 2931 924 3018 primus
946 2929 1052 2993 edidit
1071 2929 1237 2995 Ruhnke-

107 3052 187 3115 nius
215 3050 280 3136 Ep.
311 3047 369 3114 Cr.
399 3047 426 3111 1.
455 3070 489 3133 p.
515 3048 589 3122 91„
624 3033 717 3113 Χάος
738 3042 954 3129 interpretati
978 3033 1032 3105 tlt
1052 3037 1238 3130 κεχύμενον

107 3151 210 3250 stiipe,
233 3171 291 3227 aut
312 3183 448 3238 eorum,
469 3160 529 3246 qui
552 3159 664 3243 ignem
684 3154 947 3241 intelligendum
977 3152 1111 3240 opinati
1138 3165 1236 3234 sunt,

106 3274 204 3361 quasi
234 3285 315 3338 esset
345 3262 438 3344 Χάος
459 3294 522 3361 pro
545 3259 647 3351 κοίος,
681 3290 700 3332 a
730 3254 811 3331 κοοίω
835 3290 909 3345 uro,
934 3268 988 3333 rel
1017 3266 1116 3346 hinc,
1131 3319 1133 3322 ⁴
1148 3269 1238 3354 quod

106 3385 197 3473 ignis
220 3374 367 3475 κέχυται
390 3375 447 3454 διὰ
466 3376 523 3465 τὴν
542 3375 789 3468 λεπτομέρειαν.
810 3380 901 3468 (Vid.
918 3380 1088 3447 Cornutus
1098 3403 1134 3469 p.
1149 3379 1238 3469 173.)

107 3496 196 3562 Huic
227 3495 363 3581 quidem
397 3497 490 3563 enim
522 3495 679 3583 opinioni
715 3491 894 3560 manifesto
925 3507 1108 3583 repugnat,
1148 3497 1239 3582 quod

109 3595 202 3678 Χάος
228 3598 364 3697 ζοφερὸν
386 3608 512 3672 dicitur
534 3608 600 3673 Th.
624 3609 716 3692 814,
745 3607 897 3699 quodque
923 3606 1015 3673 Chao
1041 3607 1144 3672 liberi
1167 3609 1238 3673 tri-

107 3720 264 3786 buuntur
284 3721 360 3787 Nox
385 3732 418 3786 et
440 3720 576 3787 Erebus.
624 3720 738 3806 Itaque
762 3719 885 3783 merito
905 3719 1066 3786 Veterum
1085 3720 1239 3808 plerique

108 3833 326 3920 Pherecydis,
346 3836 387 3900 da
406 3857 489 3922 aqua
511 3821 603 3903 Χάος
625 3832 832 3920 accipientis,
849 3833 1051 3898 sententiam
1063 3833 1156 3920 sequi
1166 3854 1239 3899 ma·

109 3947 265 4025 luerunt,
290 3958 331 4011 ut
349 3949 492 4014 disertus
504 3947 599 4013 nobis
621 3958 804 4012 auctorest
822 3945 1022 4011 Plutarchus
1043 3946 1077 4010 d.
1094 3948 1120 4011 1.
1151 3944 1239 4012 Con·

109 4056 285 4139 ferantur,
309 4063 451 4149 quaeda
470 4062 600 4128 Zenone
622 4059 732 4126 Stoico
752 4060 893 4126 tradunt
912 4057 1123 4124 cum'Schol.
1149 4059 1188 4124 ad
1203 4059 1240 4126 h.
1321 4128 1327 4137 ,

110 4172 136 4236 1.
162 4184 238 4263 tum
263 4173 404 4261 Diogen.
426 4176 537 4241 Lairt.
564 4175 641 4243 VII.
659 4177 737 4239 137.
758 4186 793 4239 et
811 4172 923 4239 Schcl.
943 4173 984 4237 ad
996 4173 1111 4260 Apoll.
1129 4172 1240 4239 Rhod.

113 4283 140 4346 1.
161 4284 236 4351 198.
283 4285 395 4374 Neque
417 4301 530 4355 tamen
551 4287 795 4366 dubitandum,
810 4287 893 4375 quin
913 4309 951 4351 ea
971 4308 1101 4374 quoque
1112 4287 1240 4375 opinio,

1021 4399 1096 4474 12*
