2967 5209
249 443 320 518 186
684 471 923 518 consternans
940 489 945 501 =

246 637 288 715 ὡς
311 630 395 707 λύων
420 634 468 709 sis
491 635 599 726 μέλη,
633 632 712 707 ἀλλ’
743 636 784 715 ὡς
808 637 891 708 λύων
915 632 963 707 τοὶ
986 629 1206 728 μελεδήματα
1229 634 1286 707 κα)
1312 632 1380 714 τὰς

246 743 433 844 φροντίδας.
469 756 532 821 Pro
555 746 738 844 posteriore
761 757 824 823 bac
844 756 1122 844 interpretatione
1139 768 1293 844 pugnant
1313 757 1381 820 eti·

246 892 303 934 am
326 868 460 936 Scholia
486 870 637 957 vulgata3
668 871 909 958 amplexusque
936 891 1010 933 eam
1032 880 1080 933 est
1104 867 1255 955 Guyetus
1279 879 1382 956 atque

247 982 475 1071 Interpretum
497 983 650 1071 deinceps
664 984 736 1062 alii,
751 981 1021 1049 dissentientibus
1036 992 1149 1047 tamen
1164 982 1379 1068 quibusdam,

246 1106 287 1160 ut
304 1095 374 1161 iam
383 1085 612 1174 Mombritius‚
637 1095 800 1161 Aldinam
820 1094 1129 1182 interpunctionem
1139 1106 1278 1174 secutus,
1301 1095 1383 1160 red·

246 1207 349 1274 didit:
380 1208 526 1273 Membra
555 1208 643 1272 Deus
672 1208 734 1272 luta
756 1208 848 1271 solvtt
868 1205 1060 1296 Burinque,
1095 1204 1264 1296 sinimque.
1315 1206 1380 1273 Sed

246 1320 284 1386 in
315 1321 501 1388 Homericis
533 1321 650 1408 utique
680 1320 743 1388 Od.
769 1321 809 1385 Υ.
835 1324 889 1388 57.
913 1303 998 1384 Esica
1022 1311 1077 1384 ris
1103 1307 1203 1391 ὕπνοι
1227 1309 1382 1407 ἔμαρπτε

246 1429 328 1500 λύων
352 1421 570 1519 μελεδήματα
596 1420 698 1518 θνμού
724 1426 912 1520 Λωοιμελὶμ
933 1444 966 1498 et
988 1433 1030 1498 Ψ.
1055 1435 1132 1499 393:
1156 1421 1212 1499 ὅτε
1237 1426 1267 1497 ο1
1289 1434 1382 1521 γλυ-

247 1537 306 1617 κὸς
341 1535 441 1617 dnn
478 1538 664 1632 Λωοιμελῖμ
698 1534 875 1635 ἐπόρουσε,
907 1543 989 1611 λύων
1018 1532 1238 1632 μελεδήματα
1275 1533 1381 1631 θνμού

246 1659 328 1725 duas
343 1660 489 1724 diversas
507 1659 625 1724 Somni
645 1660 805 1755 virtutes,
825 1684 895 1727 non
914 1682 1018 1726 unam
1037 1681 1111 1725 rem
1128 1658 1272 1726 indicari
1290 1672 1381 1725 recte
1452 1726 1453 1735 ,

131 1782 134 1788 “
246 1774 364 1838 statuit
382 1772 580 1839 Eustathius
602 1796 638 1862 p.
662 1776 762 1840 1882.
788 1776 841 1844 43.
862 1772 1036 1839 conferens
1057 1773 1139 1840 haec
1154 1771 1217 1839 Od.
1242 1770 1282 1839 Δ
1300 1775 1378 1839 791.

245 1873 339 1952 λύθεν
359 1873 404 1951 δέ
428 1879 459 1951 οἱ
483 1872 581 1968 ἅψεα
604 1875 730 1953 πάντα.
779 1888 869 1952 Tum
891 1888 929 1952 in
956 1884 1259 1975 Euripid.'suppl.
1281 1908 1317 1952 v.
1337 1887 1379 1951 45

174 2040 178 2047 »
246 2021 312 2086 seq.
335 1997 435 2064 verba
458 1994 590 2083 νεκύων,
612 1995 641 2066 οἱ
669 1984 915 2081 καταλείψουσι
943 1992 1030 2085 μέλη
1051 1986 1183 2080 θανάτῳ
1207 1992 1386 2084 λυσιμελεῖ

246 2112 324 2177 satis
349 2122 498 2194 certum,
528 2137 584 2180 me
608 2115 734 2194 iudice,
761 2126 998 2204 argumentum
1029 2114 1209 2203 praebent,
1236 2115 1380 2180 alteram
1451 2102 1453 2165 Ῐ

246 2222 502 2313 praeferendam
538 2250 604 2293 esse
635 2220 967 2317 interpretationem,
1004 2240 1045 2292 ut
1073 2229 1118 2292 sit
1155 2216 1380 2311 λωοιμελὴεὸ
1452 2272 1453 2321 3

247 2332 328 2402 λύων
354 2330 401 2404 τα
425 2334 530 2425 μέλει,
551 2340 677 2405 scilicet
695 2342 857 2429 languore
876 2353 910 2405 et
924 2337 1053 2405 affectu.
1090 2340 1270 2405 Laodamia
1290 2339 1380 2428 apud
1452 2348 1453 2373 ¹

246 2449 347 2517 Ovid.
367 2452 446 2518 Her.
471 2455 535 2540 Ep.
559 2452 653 2518 XIII.
677 2454 730 2518 15.
766 2453 901 2538 Quando
924 2462 1003 2534 erit,
1033 2466 1067 2517 ut
1095 2453 1239 2516 reducem
1257 2452 1380 2541 cupidis

245 2565 398 2651 amplexa
419 2564 546 2628 lacertis
568 2565 736 2651 Languida
759 2565 882 2629 laetitia
897 2565 1041 2629 solvar
1062 2565 1102 2629 ab
1125 2573 1196 2653 ipssa
1219 2589 1299 2631 ntea.

290 2812 324 2857 v.
358 2791 421 2854 123
451 2789 557 2853 citant
586 2801 718 2876 praeter
744 2788 925 2877 Origenem
946 2802 979 2855 et
1001 2791 1235 2877 Theophilum
1260 2792 1299 2856 ll.
1331 2814 1377 2855 cc.
1451 2782 1452 2813 ¹

247 2901 359 2968 Schol.
380 2901 421 2966 ad
433 2900 525 2965 Arat.
544 2924 576 2966 v.
595 2903 672 2968 408.
685 2923 718 2988 p.
733 2904 786 2966 97.
808 2913 841 2965 et
861 2904 936 2966 299.
956 2903 1057 2968 Buhl.
1073 2901 1185 2968 Schol.
1203 2903 1244 2966 ad
1260 2904 1378 2990 Eurip.

247 3013 356 3081 Orest.
384 3038 415 3079 v.
440 3014 514 3077 174.
549 3013 684 3079 Inverso
704 3013 823 3078 ordine
846 3036 981 3079 versum
1008 3014 1102 3079 hunc
1127 3027 1161 3079 et
1190 3027 1380 3101 sequentem

247 3128 389 3193 exhibet
411 3126 581 3195 Cornutus
603 3151 636 3216 p.
653 3131 727 3193 173.
747 3127 809 3191 fin.
831 3127 922 3192 idem
941 3150 1074 3193 versum
1094 3127 1187 3192 hunc
1203 3128 1381 3216 respiciens
1450 3152 1451 3203 3

248 3241 318 3305 ead.
347 3262 422 3327 pag.
449 3239 541 3304 haud
567 3241 666 3328 longe
688 3263 707 3304 a
727 3240 898 3328 principio
922 3251 956 3304 et
971 3263 1005 3328 p.
1030 3241 1105 3305 175.
1154 3240 1267 3306 Noctis
1287 3263 1382 3307 men·
1450 3288 1451 3335 p

250 3354 378 3417 tionem
404 3352 439 3415 h.
463 3354 487 3416 l.
508 3352 657 3440 respexit
677 3353 780 3418 etiam
796 3351 950 3439 Cyrillus
972 3353 1046 3442 adv.
1068 3352 1193 3420 Iulian.
1212 3353 1255 3420 11.
1273 3378 1310 3443 p.
1327 3359 1379 3422 53.

181 3450 184 3455 ¹
250 3467 286 3529 Β.
322 3463 515 3552 Respexisse
538 3465 645 3530 videri
667 3475 776 3553 potest
795 3464 934 3531 Aristot.
955 3465 1104 3553 Metaph.
1124 3466 1219 3531 XIII.
1238 3469 1270 3530 4.

296 3578 345 3643 Ad
362 3560 501 3664 ’Ἔρεβος
523 3577 579 3646 Gl.
600 3578 676 3646 Vat.
700 3572 740 3641 sd
765 3565 884 3647 σκότος
905 3598 1028 3664 parum
1048 3579 1197 3646 definite.
1234 3579 1381 3645 Postero·
1449 3608 1450 3613 ¹

250 3716 329 3758 rum
354 3704 466 3758 autem
491 3693 613 3781 magis,
636 3713 738 3778 quam
758 3690 892 3755 Hesiodi
918 3690 1091 3756 notionem
1116 3692 1282 3778 expressit
1303 3693 1382 3758 Plu·
1449 3674 1450 3721 ³

254 3808 387 3871 {archus
407 3807 448 3871 de
473 3806 586 3871 Primo
614 3804 751 3892 Frigido
775 3826 809 3891 p.
833 3805 910 3869 953.
934 3803 975 3870 A.
1003 3816 1043 3868 ut
1073 3791 1163 3874 Χάος
1191 3815 1225 3869 et
1246 3792 1381 3883 'Atdn

251 3919 299 3983 ita
323 3903 460 4007 ’Ἔρεβος
493 3941 558 3983 esse
593 3928 740 3981 statuens
774 3908 813 3981 st
844 3904 974 4007 χθόνιον
1008 3908 1065 3982 καὶ
1090 3907 1228 4007 ἔγγαιον
1253 3907 1380 3986 οκύτοι.

252 4032 411 4097 Hesiodus
437 4014 573 4118 ’Ἔρεβος
607 4028 671 4114 sibi
705 4027 907 4095 informavit
928 4053 997 4095 non
1033 4030 1071 4095 in
1100 4042 1206 4108 terra,
1237 4031 1296 4115 sed!
1318 4019 1377 4092 riui
1448 4028 1449 4099 Ῐ

254 4130 388 4231 χθονὸς,
419 4141 512 4207 infra
542 4155 686 4221 terram,
722 4142 931 4232 obtegentem
956 4146 1056 4210 illud.
1082 4143 1181 4211 Conf.
1208 4120 1375 4209 Thess.

254 4257 352 4342 Apud
373 4257 551 4323 Auctorem
573 4257 717 4323 Axiocbi
734 4280 769 4344 p.
789 4260 864 4323 371.
885 4259 1043 4324 dicuntur
1064 4269 1217 4322 nocentes
1235 4281 1253 4320 a
1269 4255 1375 4322 Furiis
