2967 5209
448 586 451 595 .
482 548 512 593 rr
541 547 666 595 annom
691 548 907 596 rnaooouuu.
1186 519 1262 594 203
1317 506 1334 537 '

133 717 178 783 X.
205 717 281 783 ⁵65.
306 716 442 783 Pausnn.
465 718 509 783 II.
536 720 566 783 1.
592 721 622 784 4.
647 718 777 787 Aelian.
800 719 842 787 V.
867 710 907 784 H.
931 717 973 785 V.
999 722 1030 784 3.
1055 717 1167 806 ibique
1185 719 1259 787 VV.

128 828 201 895 DD.
1225 849 1227 854 ·

175 940 271 1008 Coeli
291 940 477 1027 Terraeque
490 942 684 1030 progeniem
697 942 804 1007 dictos
826 942 867 1008 ah
886 936 1027 1008 Hesiodo
1047 942 1263 1009 Centimanos

127 1065 296 1119 testantur
322 1050 434 1118 Schol.
458 1055 544 1119 min.
569 1054 610 1118 ad
636 1055 677 1120 Il.
699 1057 740 1121 A.
766 1056 841 1121 402.
888 1055 1053 1123 Memorat
1082 1054 1263 1143 Gregorius

128 1164 190 1233 Or.
212 1166 272 1232 111.
293 1171 325 1232 3.
348 1188 383 1255 p.
408 1169 482 1233 103.
507 1166 549 1234 D.
572 1158 628 1248 sev
650 1155 802 1234 Ἡσιόδου
827 1159 1006 1257 Θεογονίαν
1026 1179 1061 1233 et
1073 1167 1112 1233 in
1125 1190 1163 1234 ea
1184 1158 1264 1235 code

127 1272 294 1352 Τιτᾶνας,
316 1269 395 1350 τοὺς
418 1270 583 1369 Γίγαντας
601 1270 693 1365 peris
713 1270 778 1346 τῶν
798 1270 950 1372 φοβερῶν
970 1270 1138 1368 ὀνομάτων
1150 1300 1188 1345 τε
1206 1273 1264 1345 καὶ

127 1380 361 1481 πραγμάτων,
382 1392 454 1482 ipsa
471 1394 537 1458 tria
553 1394 675 1459 addens
689 1393 972 1462 Centimanorum
991 1394 1143 1472 nomina,
1162 1415 1262 1480 quar-

128 1517 270 1591 tumque
297 1505 435 1593 insuper
465 1507 643 1587 Enceladi,
671 1506 759 1594 quod
782 1506 906 1572 rectius
928 1506 1044 1571 omisit
1065 1505 1156 1571 Elias
1180 1504 1265 1572 Cre-

131 1620 233 1685 tensis
250 1619 292 1684 ed
310 1616 448 1707 Gregcr.
473 1643 508 1707 p.
535 1621 611 1687 382.
637 1622 678 1686 D.
708 1620 807 1687 verba
824 1620 958 1686 Hesiodi
981 1620 1016 1684 h.
1039 1621 1064 1685 l.
1085 1640 1264 1708 propenso·
1288 1682 1293 1689 ,

130 1731 215 1796 dum
233 1742 373 1824 secutus.
392 1731 491 1799 Conf.
506 1733 645 1798 Nonnus
660 1733 700 1798 ad
717 1731 855 1820 Gregor.
876 1734 949 1798 loco
970 1754 1071 1819 supra
1083 1732 1154 1811 cin,
1171 1731 1267 1796 Mon·

128 1844 275 1910 tacutius
296 1862 330 1931 p.
355 1846 429 1910 153.
453 1856 488 1908 et
507 1844 614 1911 Catal.
642 1844 756 1911 Clark.
778 1845 818 1911 T.
845 1840 871 1912 I.
894 1866 929 1933 p.
955 1845 1009 1911 46.
1040 1842 1156 1928 Schol.
1178 1845 1263 1911 Plat.
1339 1908 1343 1917 ,

127 1979 166 2045 p.
188 1957 263 2023 452.
289 1956 391 2022 Bekk.

176 2068 333 2135 Hesiodea
350 2062 431 2136 haec
450 2069 632 2156 respexisse
648 2068 784 2135 videtur
800 2068 903 2133 etiam
920 2069 1078 2155 Apollod.
1099 2070 1127 2135 I.
1153 2072 1183 2134 1.
1198 2092 1266 2158 quo

127 2182 237 2270 magis
257 2180 407 2260 mireris,
428 2201 508 2244 eum
530 2180 569 2245 in
588 2181 793 2246 recensendis
814 2179 910 2246 Coeli
937 2182 1123 2268 Terraeque
1147 2181 1268 2247 liberis
1325 2196 1332 2203 '

127 2293 287 2360 ordinem
310 2303 563 2380 procreatorum
580 2293 819 2359 intervertisse.
857 2293 1010 2358 Primum
1034 2295 1127 2359 enim
1150 2294 1266 2361 Centi-

127 2424 265 2485 manoa,
294 2417 370 2470 tum
396 2404 574 2493 Cyclopes,
607 2404 689 2470 hinc
720 2405 866 2493 denique
888 2405 1061 2472 Oceanum
1084 2416 1119 2474 et
1141 2419 1267 2473 ceteros

127 2529 309 2585 memorat.
333 2518 443 2604 Neque
464 2528 577 2583 tamen
597 2518 676 2583 inde
693 2519 848 2606 colliges,
870 2519 1041 2586 diversum
1063 2520 1102 2585 in
1119 2516 1266 2598 Hesiodi,

127 2631 220 2720 quod
240 2616 465 2720 Apollodorus
484 2629 658 2709 habuerit,
682 2632 840 2719 exemplo
866 2632 1022 2696 ordinem
1044 2628 1156 2697 fuisse.
1189 2628 1267 2698 Sci·

128 2747 213 2813 licet
232 2746 459 2836 Apollodorus
478 2745 516 2810 in
532 2725 739 2811 Bibliotheca
759 2767 817 2809 sua
839 2745 949 2811 varios
965 2756 1094 2810 secutus
1112 2757 1162 2811 cst
1183 2749 1266 2834 po‘e·

128 2872 200 2938 tas,
223 2858 389 2947 usquein
409 2858 605 2946 Theogonia
619 2858 781 2924 tradenda
799 2857 846 2922 sic
867 2857 1017 2922 adhaesit
1039 2859 1198 2939 Hesiodo,
1225 2869 1266 2923 ut
1370 2922 1375 2931 ,

129 2995 204 3038 non
226 2972 405 3060 aliquando
438 2971 480 3036 ab
512 2992 549 3036 eo
577 2972 752 3037 recederet.
806 2968 912 3035 Habet
937 2971 1095 3058 quidem,
1129 2973 1266 3058 qualem

130 3084 378 3172 Apollodorus,
400 3083 555 3148 ordinem
574 3083 677 3148 etiam
695 3082 889 3171 Theogonis
904 3081 1055 3171 Orphica
1072 3105 1106 3172 p.
1121 3085 1186 3150 504
1198 3107 1264 3172 seq.
1285 3120 1290 3129 =

179 3328 212 3376 ν.
243 3304 318 3374 148.
352 3299 411 3371 νῦν
431 3295 612 3392 bonnet
640 3307 680 3372 in
711 3306 770 3372 Gl.
799 3306 872 3372 Par.
903 3302 942 3373 C.
969 3318 1058 3373 recte
1082 3308 1267 3397 exponitur

133 3412 268 3507 ἄφατοί
289 3420 314 3487 i.
333 3436 364 3486 e.
386 3440 464 3510 pecs
481 3438 725 3515 commemorare
746 3427 801 3484 vis
820 3418 957 3499 audem,
982 3421 1097 3488 minus
1119 3434 1208 3488 recte
1224 3422 1267 3488 ab

133 3537 211 3602 Elia
234 3533 385 3602 Cretensi
406 3535 433 3598 l.
445 3552 476 3598 c.
499 3534 669 3600 mdditum
685 3545 734 3599 est
747 3540 826 3622 pso
841 3533 1261 3623 nomtutdussormtdabites'.

181 3784 213 3827 ν.
239 3764 313 3827 150.
344 3760 387 3825 ad
418 3748 577 3825 discors
610 3760 666 3827 Gl.
694 3761 766 3826 Per.
798 3758 836 3826 C.
869 3747 1073 3847 ἓνρέμννντν,
1093 3752 1264 3840 sexium

135 3876 273 3941 Falsum
295 3874 396 3963 plane
414 3873 519 3962 prius.
566 3873 666 3939 Notat
685 3884 799 3939 eutem
822 3860 980 3940 ἆῖσσοντν
1004 3885 1073 3936 cunr
1092 3882 1208 3961 impeto
1230 3899 1265 3939 se
1371 3858 1374 3863 ⁵

136 3988 309 4051 movebant.

182 4239 215 4283 v.
246 4217 319 4283 152.
343 4214 495 4302 Guyetua
518 4213 771 4302 supposititium
785 4215 924 4281 censuit.
948 4215 1036 4281 Num
1056 4228 1098 4281 ut
1111 4223 1154 4282 ex
1168 4196 1264 4306 ”epp

142 4331 214 4398 149.
237 4328 286 4397 Sc.
308 4331 361 4394 76.
381 4327 550 4394 effictum?
597 4327 685 4393 Mihi
712 4328 834 4394 similis
863 4330 966 4395 dictio
989 4331 1102 4418 potius
1121 4332 1263 4398 eundem
