2967 5209
282 497 354 572 198
717 522 957 581 consumentes

279 716 355 758 mus
383 693 513 758 dicitur·
539 693 689 782 Neptuni
711 694 816 760 filius.
874 680 1030 764 Ceterum
1062 693 1105 761 ob
1139 692 1405 782 antiquissimum

279 806 397 872 eorum
417 807 583 895 originem
601 808 774 874 commode
794 809 949 898 mythico
968 830 1120 874 sermone
1135 808 1210 874 dici
1229 816 1406 896 potuerunt

282 916 370 981 Coeli
400 918 577 1007 Terraeque
595 919 687 1006 filii,
719 941 879 1008 cumque,
914 931 954 985 ut
985 930 1081 1001 sunt,
1119 919 1185 1006 qui
1217 916 1406 984 hominibus

279 1029 346 1094 tela
368 1025 458 1093 fabri
476 1026 678 1108 conficiunt,
703 1029 751 1094 ita
777 1030 927 1119 fingendi
946 1050 1076 1118 quoque
1096 1040 1211 1095 essent
1226 1029 1318 1096 lovis
1333 1029 1406 1095 talo·

277 1161 358 1204 rum
380 1139 539 1219 artifices,
563 1151 638 1229 apte
659 1140 698 1206 in
720 1162 795 1207 eam
816 1158 890 1208 rem
912 1142 1038 1231 arrepti
1051 1153 1134 1208 sunt
1154 1164 1203 1209 ex
1219 1153 1405 1229 1111111111]-

276 1252 370 1318 thies
392 1252 573 1341 Cyclopes,
596 1252 638 1318 de
656 1275 801 1340 quorum
822 1267 915 1322 vasto
935 1274 1092 1344 corpore,
1113 1254 1258 1344 magnis
1274 1253 1403 1332 viribus,

277 1366 505 1455 singularique
535 1367 574 1432 in
605 1367 830 1434 architectura
866 1370 1077 1458 cognatisque
1106 1369 1246 1435 artibus
1281 1366 1404 1434 solertia

277 1480 486 1546 consentiens
505 1481 717 1569 antiquitatis
740 1480 831 1548 famu
851 1481 1028 1550 obtineret.
1076 1479 1161 1549 Illos
1188 1494 1305 1548 autem
1327 1478 1403 1545 anti·

276 1591 451 1678 quissimos
484 1592 579 1658 Coeli
607 1590 793 1683 Terraeque
828 1593 917 1660 filios
950 1594 1135 1685 Cyclopes,
1166 1595 1246 1662 lovi
1268 1591 1404 1682 fulguris

278 1705 431 1782 artifices,
448 1705 608 1770 Hesiodus
634 1724 778 1770 numero
800 1716 867 1772 tres
890 1704 991 1771 fuisse
1009 1708 1104 1786 vult,
1128 1704 1315 1794 insignitos
1333 1703 1402 1791 ipsis

277 1817 424 1883 tonitrus
445 1839 483 1882 ac
504 1816 650 1905 fulguris
675 1815 883 1883 nominibus.
930 1818 1079 1906 Namque
1099 1831 1135 1885 et
1151 1803 1285 1908 ’Ἄργος
1306 1816 1401 1883 dietus

277 1931 473 1997 scandenti
494 1930 651 1997 fulmine.
677 1930 778 1999 conf.
803 1932 844 1998 ll.
869 1928 913 2000 Θ.
939 1931 1013 2000 131.
1035 1934 1075 1998 Τ.
1103 1935 1183 2001 121.
1224 1932 1282 1999 An
1301 1939 1401 1995 sutem

277 2022 408 2133 praeter
435 2044 498 2109 hos
527 2045 686 2110 Hesiodus
708 2045 793 2111 alios
811 2046 947 2113 noverit
965 2045 1150 2135 Cyclopas,
1172 2045 1292 2133 quoles
1311 2060 1399 2129 supra

275 2155 372 2223 citati
393 2168 543 2223 suctores
562 2170 771 2235 memorant,
805 2159 982 2246 qualesque
1002 2180 1047 2224 ex
1069 2158 1144 2224 illis
1168 2149 1399 2243 antiquissimis

276 2281 368 2336 ortos
390 2270 583 2336 Hellanicus
614 2280 647 2335 et
678 2270 883 2357 Pherecydes
915 2269 1115 2358 perhibent,
1145 2269 1264 2348 citati,
1293 2261 1396 2370 lsioin

278 2377 393 2447 Schol.
415 2381 454 2446 ad
476 2380 632 2466 Euripid.
654 2380 765 2444 Alcest
784 2398 850 2466 pu,
870 2379 932 2445 ille
949 2381 988 2445 in
1008 2379 1120 2448 Schol.
1140 2380 1183 2446 sd
1203 2380 1242 2446 h.
1257 2380 1297 2457 l.‚
1315 2377 1396 2463 igno·

276 2508 352 2559 rare
372 2514 432 2557 nos
455 2490 631 2557 fatendum
654 2501 712 2556 est.
1016 2544 1021 2551 .

321 2604 421 2692 Apud
445 2600 582 2692 Gregor.
604 2604 682 2670 Nae.
706 2602 768 2670 Or.
794 2604 854 2674 Ill.
879 2627 914 2693 p.
936 2607 1000 2672 103
1019 2605 1080 2672 fin.
1104 2608 1170 2674 104
1189 2596 1270 2673 init.
1293 2598 1396 2667 Hesio·

276 2716 336 2781 des
358 2738 402 2781 ex
429 2717 621 2804 Theogonis
644 2715 857 2797 referentem,
882 2718 1061 2785 memorati
1077 2720 1170 2787 inter
1196 2720 1281 2785 slios
1302 2705 1331 2780 οἱ
1350 2724 1394 2776 κε·

276 2817 465 2916 ραυνοφὸροι
483 2815 547 2894 θεοὶ
568 2829 676 2894 videri
698 2832 838 2918 possunt
855 2832 896 2896 ad
911 2830 1004 2898 huno
1018 2832 1060 2898 de
1075 2832 1284 2923 Cyolopibus
1294 2826 1392 2896 locum
1424 2812 1427 2819 ⁵

183 2926 185 2937 ¹
276 2944 463 3031 pertinere,
497 2965 564 3030 quo
601 2955 689 3008 certe
725 2942 916 3010 referendos
947 2946 1051 3012 duxit
1081 2948 1223 3014 Nonnus
1252 2942 1320 3010 fals.
1347 2936 1391 3002 ⁷3·
1444 3008 1445 3031 2

274 3076 310 3145 Ρ.
337 3054 412 3122 517.
436 3056 473 3121 Β.
502 3054 540 3122 C.
571 3055 678 3122 Billii.
701 3055 799 3122 Conf.
821 3057 923 3123 idem.
944 3057 970 3124 f.
992 3059 1046 3124 62.
1066 3081 1102 3148 p.
1123 3062 1201 3128 514.
1225 3059 1281 3135 Β.,
1303 3052 1390 3121 tlon·
1444 3046 1445 3055 ’

274 3180 379 3234 tacut.
406 3191 439 3258 p.
467 3169 531 3233 148
552 3180 587 3232 et
610 3168 685 3234 153.
731 3167 827 3232 Haud
848 3168 950 3235 dubie
971 3170 1085 3236 locum
1115 3170 1226 3252 huno,
1249 3169 1333 3235 sicud
1348 3182 1392 3226 ss·

275 3282 352 3346 dem
383 3282 474 3346 inter
491 3282 675 3373 ⁸superiore
694 3291 728 3344 et
749 3280 919 3367 sequentia
940 3280 1088 3361 obtinet,
1113 3282 1266 3372 respexit
1293 3275 1390 3344 Ther·

275 3394 394 3484 philus
431 3394 471 3458 ad
500 3393 659 3481 Autolyo.
701 3393 746 3460 Il.
775 3397 810 3459 6.
848 3403 936 3457 extr.
965 3393 1027 3458 Ed.
1059 3394 1173 3465 Wolf.
1207 3414 1243 3486 p.
1269 3395 1387 3472 e1seq·

275 3494 372 3571 elsio
394 3493 463 3594 peip
489 3491 666 3593 (ne-toto)
692 3497 753 3584 Γῆν
778 3496 835 3568 ssi
852 3494 991 3590 Οὐρανὸν
1010 3496 1067 3569 sal
1089 3498 1282 3573 emmas
1298 3504 1388 3593 (ron-

274 3612 385 3705 tum),
417 3605 455 3699 ἐξ
490 3607 597 3681 αὐτῶν
632 3607 710 3689 τοὺς·
747 3604 837 3688 leode
870 3606 1033 3703 βούλεται
1064 3617 1237 3709 γεγονέναι
1271 3608 1325 3681 sel
1356 3597 1387 3673 it

275 3726 399 3798 τούτων
423 3720 606 3819 ἀνθρώπους
630 3717 837 3802 δεινοτάτους
853 3721 952 3805 ’τινὲς
974 3728 1150 3822 συγγενεῖς
1171 3717 1386 3819 amygdala

274 3837 422 3925 Τιτάναν
446 3837 540 3935 γένος
564 3835 621 3909 sel
643 3833 872 3908 Κυκλώπων
895 3835 953 3908 sal
978 3833 1146 3934 Γιγάντων
1159 3833 1279 3924 πληθύν
1301 3835 1386 3931 (esn-

274 3960 420 4027 timsnos
444 3970 478 4024 st
496 3970 697 4024 memoratos
717 3956 810 4024 infra
830 3980 863 4025 v.
889 3956 978 4047 185).
1026 3958 1092 4025 Sua
1110 3974 1239 4049 quoquo
1259 3978 1300 4024 ex
1316 3953 1348 4018 h.
1363 3945 1383 4011 l·
1442 4002 1443 4033 p

276 4071 442 4139 derivavit
474 4071 619 4138 Eudooia
649 4092 684 4158 p.
717 4072 793 4136 263.
819 4093 888 4136 non
914 4072 986 4138 sine
1004 4074 1126 4139 diserta
1150 4069 1280 4141 Hesiodi
1301 4079 1382 4131 men·

276 4185 383 4263 tione,
405 4187 494 4274 quod
513 4186 650 4274 quidem
674 4185 795 4250 attinet
819 4182 860 4251 ad
882 4208 913 4251 v.
941 4187 1015 4253 144.
1040 4185 1184 4254 Videtur
1198 4187 1296 4254 etiam
1312 4175 1381 4241 linc

276 4319 360 4375 esse,
396 4299 483 4385 quod
516 4298 557 4363 ob
580 4299 690 4365 erdem
717 4316 751 4387 Ρ.
784 4301 1063 4365 rememoratur
1088 4302 1222 4369 Brontes
1245 4289 1331 4365 Coeli
1353 4290 1379 4346 el
