2967 5209
606 541 797 588 sosarmo.
1028 568 1030 574 ν
1211 502 1269 588 im
1360 573 1362 579 ·

139 727 347 794 latrantem
367 730 595 818 pertinebant,
624 731 767 818 legentis
794 749 864 792 ean
890 728 1004 792 stanin
1029 728 1106 791 item
1116 727 1271 814 sessani
1304 717 1306 721 ’

139 858 244 923 ocutis
265 856 429 923 subiecta:
448 854 588 922 sednon
606 858 826 947 patiebantur
847 841 912 921 illc
930 854 1112 920 codicelli
1128 853 1169 919 ab
1189 854 1268 919 lon-

132 987 237 1073 giore
263 1007 361 1075 saepe
386 985 428 1050 dc
450 982 656 1051 controverso
680 987 751 1051 loco
771 985 1015 1073 disputatione,
1036 1005 1120 1073 quae
1145 981 1267 1070 requi-

136 1120 274 1178 reretur
292 1114 342 1179 ad
359 1135 462 1178 meam
481 1091 584 1194 locum
606 1114 803 1205 mplicandi
822 1117 985 1179 rationem
1004 1112 1167 1178 tuendam.
1201 1108 1268 1176 Ta·
1349 1161 1351 1164 .
1382 1106 1386 1115 '

136 1240 190 1304 lea
217 1247 323 1304 wem
349 1240 609 1330 disputationes,
639 1245 736 1331 ipsae
765 1262 889 1329 quoque
918 1243 1085 1305 contextui
1109 1238 1269 1306 carminis

136 1372 319 1455 comestae,
334 1375 397 1438 ita
417 1377 575 1438 maiorem
603 1377 757 1462 cuiusque
774 1375 929 1462 paginae
951 1379 1086 1461 partem
1109 1393 1270 1462 occupas·

7 1527 9 1544 ι
138 1507 221 1577 senat,
240 1519 299 1563 nec
309 1500 389 1585 fere
410 1500 458 1563 ita
473 1501 545 1564 nisi
552 1501 739 1608 gerpaucis
747 1501 908 1580 carminis
917 1497 1065 1562 versibus
1074 1521 1116 1563 ac
1131 1502 1270 1587 samniam

8 1631 9 1638 ’
137 1650 203 1692 non
227 1629 300 1691 uisi
324 1630 385 1691 uni
416 1631 453 1692 in
481 1650 610 1718 quaque
626 1631 765 1718 pagina
789 1628 932 1692 relictus
953 1635 1038 1691 esset
1054 1627 1162 1704 Iocus,
1183 1625 1272 1715 quod

130 1752 239 1842 plane
272 1754 466 1843 inelegans,
497 1776 599 1844 neque
624 1756 697 1849 ulla
725 1759 856 1819 ratione
881 1754 1007 1842 tegani
1028 1761 1168 1841 gratum
1187 1753 1270 1842 fore

131 1881 303 1971 putabam.
352 1878 412 1947 Sia
429 1882 539 1970 igitar
548 1884 668 1971 potius
684 1882 788 1964 duxi,
812 1883 975 1947 carminis
996 1884 1164 1945 contextui
1185 1901 1268 1944 non-

136 2012 212 2073 nisi
224 2012 341 2074 carias
360 2007 513 2077 Codicum
531 2007 641 2076 MSS.
655 2009 919 2097 Editionnmqne
929 2009 1083 2076 lectiones
1095 2008 1267 2090 subiicere,

136 2136 259 2202 addito
283 2137 432 2217 subinde,
456 2160 555 2226 quam
578 2139 768 2202 breuissime
788 2159 843 2202 res
868 2141 1011 2213 sineret,
1038 2157 1108 2201 meo
1127 2136 1169 2201 de
1192 2138 1270 2200 sin-

133 2264 233 2352 gulis
262 2262 400 2328 iudicio.
452 2263 641 2352 'Longiores
673 2267 828 2340 criticas,
856 2286 940 2351 quae
963 2264 1063 2351 vulgo
1093 2263 1267 2347 difflatur,

98 2419 100 2422 ·
137 2414 242 2481 super
266 2392 366 2471 locis,
386 2392 427 2458 de
449 2395 703 2483 interpolatione
721 2394 774 2458 ael
793 2392 930 2458 aliunde
954 2394 1135 2481 suspectis,
1154 2392 1268 2483 despu-

137 2522 281 2584 tationes
302 2541 429 2604 omnes,
451 2521 488 2585 oh
503 2544 637 2589 causam
656 2523 868 2613 mnpramihi
881 2522 1080 2606 indicatam,
1097 2542 1269 2587 reseruari·
1366 2545 1370 2550 ·

7 2711 9 2716 ,
137 2651 203 2717 das
225 2651 313 2716 duaci
329 2651 623 2741 Commentario..

149 2845 151 2852 ,
181 2777 244 2847 Ad
260 2759 443 2846 contentum
462 2781 720 2847 constituendum
738 2781 862 2858 multa,
884 2789 921 2844 ut
939 2780 1034 2858 diui,
1050 2781 1139 2844 mihi
1151 2779 1268 2867 adfine

7 2913 8 2980 ᾗ
138 2914 218 2969 runt
233 2905 405 2983 subsidia,
431 2907 472 2972 de
489 2908 604 2995 quihus
625 2910 693 2972 iam
717 2911 909 2972 accuratius
928 2906 1115 2989 dicendum,
1133 2911 1269 2996 capri·
1387 2953 1389 2958 -

138 3053 227 3096 mum
248 3034 381 3121 quidem
407 3034 449 3099 de
475 3033 651 3102 Codicihns
675 3030 788 3100 MSS.

188 3158 345 3227 Codicum
366 3163 474 3250 igitm
492 3161 519 3225 F
521 3161 771 3225 tarentinorum
790 3180 850 3223 sex
868 3159 1095 3235 collationem,
1107 3159 1159 3224 ad
1176 3159 1268 3226 Edi·
1399 3221 1402 3226 .

135 3290 260 3352 tionem
289 3286 333 3353 D.
372 3287 513 3353 Heinsii
545 3310 579 3351 a.
618 3288 703 3351 1603
726 3285 877 3371 saetam,
916 3286 1004 3355 Viro
1041 3288 1268 3354 meditissimo

135 3414 323 3482 Frarecisco
347 3415 388 3481 de
407 3415 519 3482 Furia
537 3393 645 3480 aemi.
692 3412 780 3481 Sunt
803 3415 851 3496 hi,
877 3417 992 3480 literis
1010 3440 1033 3481 a
1063 3438 1113 3481 me
1132 3418 1267 3482 maius-

135 3544 223 3607 culis
240 3542 424 3631 designati,

158 3664 162 3671 ’
179 3671 207 3735 F
209 3672 273 3737 lor.
297 3671 341 3737 A.
361 3671 555 3753 chartaceus
570 3673 604 3734 in
623 3673 672 3736 8ρο
684 3670 911 3738 Bibliothecae
930 3672 1177 3738 laurentianae
1186 3673 1268 3761 pln-

136 3802 183 3862 tei
199 3795 352 3864 XXIV.
376 3821 411 3865 n.
437 3801 491 3865 31.
514 3798 787 3888 comprehendens
811 3799 923 3890 Opera
945 3809 978 3865 et
997 3800 1095 3878 Dies,
1122 3799 1153 3863 T
1148 3800 1268 3889 heogo·

134 3928 228 3991 niam
241 3934 274 3991 et
285 3923 420 3991 Scotum
434 3923 612 4005 Herculis,
636 3929 786 4016 scriptus
800 3928 930 3993 saeculo
938 3925 1047 3993 XVI.
1071 3926 1111 3992 V
1108 3926 1157 3992 id.
1173 3924 1266 3990 Ban-

135 4051 249 4117 dinius
271 4051 364 4117 Bihl.
388 4051 547 4117 Laurmt.
578 4050 618 4117 Τ.
643 4050 700 4118 II.
717 4074 758 4142 p.
782 4056 837 4117 95.

179 4180 272 4246 Flor.
293 4177 337 4244 B.
365 4178 560 4246 chartaceus
590 4181 625 4242 in
649 4178 710 4256 Ψ,
730 4178 845 4267 plutei
862 4175 973 4244 XVI.
995 4202 1035 4243 n..
1050 4181 1104 4242 32.
1123 4184 1266 4263 praeter

135 4308 239 4371 multa
269 4308 343 4375 alia
373 4305 644 4395 comprehendens
673 4303 786 4395 Opera
815 4305 965 4390 cilices,
992 4303 1213 4392 Theogoniam
1235 4312 1267 4369 et
