2967 5209
259 508 331 583 354
625 594 641 631 ο
678 532 917 579 couusarssrvs

256 691 307 787 δί)
340 703 386 792 (v.
418 705 508 786 866.)
542 703 745 768 trahendum
779 716 827 767 est
858 704 898 767 ad
922 703 1106 777 Lemnum,
1132 699 1185 764 vel
1209 698 1381 786 Liparam.

181 874 182 877 ,
256 815 397 881 Fluobat
426 812 646 902 liquefactum
677 812 809 880 ferrum
836 816 875 879 in
901 826 1010 879 terrae
1042 812 1194 890 sulcum,
1225 823 1265 875 ut
1287 812 1385 878 fieret

255 950 370 994 massa.
397 925 495 995 Conf.
513 927 555 993 ΙΙ.
576 928 719 1016 Paralip.
743 929 801 995 IV.
824 931 877 992 17.
900 917 961 1011 Δι’)
983 937 1031 990 est
1052 924 1227 1012 epitheton
1245 926 1383 1012 simpli-

253 1040 337 1106 citer
356 1062 489 1106 ornans.

297 1290 331 1334 r.
350 1268 416 1332 865
434 1287 499 1352 seq.
524 1266 734 1332 Hermannus
756 1267 794 1330 in
820 1265 966 1333 Censura
983 1264 1252 1352 Goettlingianae
1270 1263 1379 1330 raria-

253 1380 383 1445 tionem
410 1401 476 1444 esse
496 1390 597 1467 putat
619 1378 760 1444 alterius
780 1379 979 1444 recensionis
989 1401 1052 1466 pro
1067 1377 1217 1443 versibus
1231 1378 1299 1443 663
1314 1399 1376 1463 seq.

249 1690 251 1699 J
296 1629 330 1672 0.
354 1610 431 1673 868.
455 1606 595 1675 Victum
618 1602 873 1690 confectumque
891 1604 999 1692 plagis
1017 1604 1221 1691 Typhoeum
1250 1603 1378 1691 Iupiter
1454 1633 1459 1645 ·

250 1708 415 1808 ἂκάχων,
447 1728 548 1781 iratur
570 1715 653 1805 (vid.
672 1717 771 1783 Varr.
800 1717 935 1797 Lecta),
958 1717 997 1781 in
1018 1716 1198 1780 Tartarum
1225 1714 1376 1780 coniecit

250 1831 414 1920 Spurium
431 1852 564 1898 versum
590 1840 700 1894 censet
719 1828 961 1915 Goettlingius,
983 1829 1093 1893 nescio
1117 1849 1162 1892 an
1182 1849 1226 1892 ex
1245 1828 1377 1914 praeiu-

249 1947 357 2011 dicata
378 1946 556 2033 opinione,
579 1966 644 2031 qua
661 1943 797 2021 statuit,
819 1942 888 2007 iam
904 1941 1086 2006 Hesiodum
1107 1941 1148 2005 60
1160 1940 1280 2019 Aetna,
1296 1964 1376 2005 oon-

163 2036 167 2045 ·
246 2059 383 2146 ditoque
400 2058 462 2122 sub
487 2080 526 2122 eo
547 2068 664 2121 monte
679 2056 842 2143 Typhoeo
861 2055 1029 2142 cogitasse.
1073 2053 1138 2119 Sed
1159 2052 1375 2118 traditionem

247 2171 288 2236 de
314 2182 430 2235 monte
455 2170 489 2234 ei-
502 2169 687 2256 superiecto
711 2168 877 2255 ignorasse
897 2165 1058 2232 Hesiodus
1076 2166 1228 2245 videtur,
1257 2177 1299 2230 ut
1315 2189 1376 2231 ne·

246 2307 311 2372 que
342 2284 507 2349 Homerus
535 2305 608 2347 earn
629 2282 752 2347 diserte
774 2292 950 2346 memorat.
998 2280 1115 2366 Itaque
1134 2279 1276 2344 debetur
1297 2281 1375 2346 haec

246 2397 445 2474 acrioribus,
470 2395 603 2472 utalia,
624 2416 707 2480 quae
720 2393 798 2459 vide
817 2384 906 2481 apud
922 2393 1079 2480 Apollod.
1103 2393 1129 2457 l.
1149 2415 1191 2469 0.,
1211 2392 1272 2457 ubi
1284 2391 1372 2459 conf.

245 2509 407 2595 Heynins.

288 2756 322 2798 v.
342 2733 408 2797 869
427 2746 514 2818 seqq.'
548 2731 729 2818 Typhoeus
752 2752 848 2794 exse
873 2730 974 2818 (solo,
998 2743 1038 2795 ut
1057 2731 1209 2811 videtur,
1230 2731 1303 2796 sine
1324 2734 1373 2798 E-

106 2805 107 2811 i
243 2846 378 2911 chidna.
408 2842 509 2910 Cous.
542 2866 643 2931 supra
663 2867 695 2910 v.
716 2845 782 2909 306
806 2841 884 2930 seq.)
911 2867 1013 2931 genus
1031 2845 1222 2912 Ventorum
1247 2846 1371 2922 edidit,

243 2961 342 3048 longe
374 2958 544 3024 diversum
573 2956 698 3035 abiis,
729 2955 852 3042 quibus
884 2957 1033 3023 coelestis
1054 2959 1150 3046 origo
1171 2981 1217 3023 ex
1237 2960 1374 3024 Astraeo

241 3084 342 3159 atque
362 3073 492 3138 Aurora
518 3071 630 3158 (supra
649 3093 681 3136 v.
707 3073 773 3136 378
796 3068 914 3157 seqq.).
960 3069 1095 3159 Quippe
1114 3071 1192 3149 his,·
1209 3083 1250 3136 ut
1262 3072 1373 3151 certis,

240 3184 407 3250 confidere
430 3185 589 3248 mortales
611 3194 644 3246 et
667 3204 711 3247 ex
728 3182 784 3270 his
801 3183 987 3248 utilitatem
1007 3205 1125 3271 capere
1139 3184 1181 3248 ad
1196 3195 1304 3249 certos
1325 3186 1374 3250 la·

240 3296 336 3362 bores
354 3295 559 3384 possuntlv.
579 3296 645 3361 870
667 3299 777 3383 seqqzl3
801 3298 855 3360 sed
871 3319 890 3360 a
906 3297 1068 3384 Typhoeo
1078 3297 1183 3364 Venti
1196 3298 1281 3363 editi
1294 3310 1375 3363 sunt

239 3409 372 3485 incerti,
394 3409 486 3495 vagi,
506 3394 684 3494 μαψαῦραι
708 3407 753 3497 (0.
777 3412 855 3476 872.
879 3409 983 3498 875),
1005 3411 1174 3497 iidemque
1193 3412 1375 3499 procellosi

194 3518 198 3529 ’
242 3525 288 3610 lv.
305 3525 381 3588 869.
398 3519 503 3609 att),
528 3544 565 3587 ac
582 3520 723 3609 proinde
742 3524 850 3602 noxii,
873 3536 948 3587 tum
961 3524 1197 3612 navigantibus
1206 3524 1256 3612 (v.
1266 3526 1372 3611 873.),

240 3649 317 3702 tum
337 3636 490 3724 agricolis
519 3634 565 3721 (0.
591 3637 657 3715 873
676 3631 778 3721 seq.):
807 3658 887 3700 nam
916 3638 1105 3705 Ventorum
1128 3638 1274 3703 istorum
1297 3649 1373 3703 tur-

239 3749 320 3815 bine
353 3750 560 3814 attolluntur
595 3760 628 3813 et
660 3770 928 3837 quaquaversum
964 3745 1134 3836 σύρονται,
1170 3762 1371 3839 raptantur,

240 3854 335 3943 utta,
358 3863 451 3950 ligna
474 3861 584 3939 arida,
605 3873 783 3941 sarmenta,
806 3862 965 3950 virgulta,
988 3867 1118 3952 paleae,
1138 3865 1260 3951 quibus
1281 3866 1373 3930 exci-

239 3987 374 4062 tatoque
401 3972 506 4038 simul
532 3973 673 4059 pulvere
702 3996 781 4040 arva
812 3975 944 4062 aliaque
963 3976 1145 4043 hominum
1178 4000 1280 4066 opera
1301 3978 1372 4042 im·

240 4088 390 4175 plentur.
637 4116 641 4130 ·
976 4136 978 4141 .
1171 4135 1175 4144 .

283 4199 471 4266 Hominum
491 4198 666 4287 epitheton
688 4193 923 4289 χαμαιγενέων
945 4198 1106 4290 (nats.)
1130 4212 1241 4267 exstat
1265 4201 1369 4267 etiam
1457 4204 1458 4217 ¹

131 4297 136 4303 ’
240 4313 280 4378 Η.
299 4314 337 4377 in
350 4313 436 4381 Ven.
455 4314 542 4390 108,
566 4335 731 4400 nusquam
755 4336 834 4381 vero
857 4314 894 4379 in
919 4314 1022 4380 Iliade
1044 4316 1098 4383 vel
1121 4314 1278 4402 Odyssea.
1311 4308 1312 4311 ¹
