2967 5209
616 464 908 534 .H210a0t

413 651 518 743 Τηθὺς
538 652 568 730 δ’
591 654 736 753 Ὠκεανῷ
758 654 937 750 Ποταμοὺς
958 655 1034 727 τέκε
1054 650 1235 751 δινήεντας,

262 873 274 890 ⁰
365 777 480 853 Νεῖλόν
501 781 548 870 τ’,
571 778 726 873 Ἀλφειόν
749 805 787 850 τε
810 779 866 851 κα)
888 774 1054 873 Ἠριδανὸν
1078 774 1267 870 βαθυδίνην,

365 900 545 996 Στρυμόνα,
569 898 752 998 Μαίανδρόν
774 927 812 973 τε
834 902 889 974 κα)
904 892 1032 998 Ἵστρον
1053 897 1282 997 καλλιρέεθρον,

270 1023 342 1095 340
365 1023 469 1098 Φοῦτίν
490 1050 546 1114 τε,
566 1023 676 1113 Ῥῆσόν
695 1020 740 1113 τ’,
768 1019 950 1123 Ἀχελώϊον
973 1029 1003 1096 τ’
1032 1021 1258 1121 ἀργυροῦὶνην,

365 1146 497 1221 Νέσσον
515 1172 565 1236 τε,
585 1142 700 1220 Ῥοδίον
720 1143 762 1236 θ’,
783 1141 992 1239 Ἃλιοίκμονά
1014 1142 1055 1236 θ’,
1074 1143 1279 1244 Ἑπτάπορόν
1298 1173 1356 1236 τε,

366 1269 508 1367 Γρηνικῦν
525 1295 563 1342 τε
582 1265 640 1343 καλ
659 1265 819 1359 Χίτηπον,
840 1267 915 1345 θεῖόν
936 1295 974 1342 τε
994 1276 1172 1364 Σιμοῦντα,
1257 1311 1263 1325 ·

849 1391 878 1417 Ἠ

370 1392 497 1482 Πηνειόν
520 1419 558 1466 τε
579 1394 636 1469 καὶ
650 1389 784 1489 Ἕρμον,
807 1389 959 1490 ἐϋρρείτην
980 1420 1018 1466 τε
1042 1391 1179 1481 Kalinos,

605 1585 737 1644 VARIAE
759 1588 956 1635 LECTIONES.

223 1720 306 1773 ptum:
330 1707 467 1771 τοῦτομὲν
482 1706 619 1767 ἐκΚητοῦι
635 1724 665 1756 τε
681 1706 726 1755 καὶ
741 1703 769 1755 ἐκ
841 1723 878 1756 vs.
894 1709 955 1755 341.
976 1707 1072 1757 Νίααον
1085 1723 1115 1756 τε
1128 1709 1192 1757 Flor.
1208 1709 1236 1756 G,
1251 1708 1310 1755 Par.
1323 1708 1353 1754 Ι).

224 1797 328 1859 Φόρκνος
340 1794 415 1859 γένος
428 1790 491 1843 ἔστί.
519 1797 590 1844 Venit
605 1799 650 1843 boc
663 1795 688 1842 in
701 1810 768 1843 men·
807 1795 836 1842 G.
846 1790 1022 1844 aehdlrtalv
1032 1792 1052 1843 θ’
1062 1794 1259 1843 omnosCodd.el
1267 1794 1353 1842 Sebol.

167 1937 172 1948 ρ
223 1892 273 1931 tem
297 1885 371 1931 etiam
393 1882 546 1938 lluotzellio,
570 1896 596 1942 p.
621 1881 698 1936 463„
726 1880 769 1927 sed
807 1881 918 1941 quamvis
939 1882 1072 1928 secundum
1092 1880 1265 1928 Grammaticos
1292 1879 1355 1927 scri·

224 1969 264 2015 cui
284 1975 349 2015 totus
366 1980 451 2013 tersus
470 1966 551 2026 pravis
571 1964 656 2012 deberi
674 1963 770 2011 videtur
807 1966 912 2013 bendum
925 1963 1141 2027 προπαροξυτόνως
1154 1965 1237 2013 suisset
1251 1960 1354 2013 Ῥοδίον.

225 2053 440 2100 Grammaticorum
458 2050 552 2097 studiis.
807 2050 862 2098 vid.
880 2050 962 2098 Schol.
977 2051 1006 2098 V.
1024 2051 1055 2098 ad
1071 2052 1102 2099 ll.
1118 2051 1152 2098 ll.
1170 2050 1214 2097 λλ.
1229 2050 1310 2109 Apion
1329 2056 1356 2096 et

155 2164 162 2174 ·
260 2154 296 2186 vs.
308 2138 458 2193 abbatissa,
469 2143 496 2183 ut
506 2136 564 2183 item
573 2148 676 2195 sequens
686 2147 770 2181 versus
806 2135 940 2184 Herodian.
964 2137 1028 2198 apud
1044 2138 1154 2184 Eustatb.
1174 2151 1200 2197 p.
1218 2136 1279 2183 890.
1297 2136 1356 2183 init,

225 2226 318 2274 alilor⁴
337 2226 365 2272 F.
384 2225 439 2271 Par.
457 2223 488 2270 fl.
806 2221 952 2283 Philoponus
978 2224 1041 2285 apud
1056 2223 1167 2271 eundem
1182 2238 1208 2284 p.
1226 2222 1287 2269 906.
1309 2223 1355 2271 bd.

261 2324 297 2358 vs.
312 2311 373 2357 340.
388 2303 474 2363 Ῥῦοόν
488 2321 518 2355 τε
530 2303 575 2353 καὶ
588 2301 649 2367 Ἀχ.
662 2306 728 2353 Flor.
740 2304 769 2352 C.
807 2306 923 2357 Arcadius
938 2325 963 2371 p.
976 2311 1020 2358 59.
1034 2310 1066 2357 18
1081 2324 1134 2370 seq.
1163 2309 1300 2357 Parendum
1319 2309 1356 2356 bis

225 2396 281 2443 Par⁴
298 2398 326 2443 D.
337 2395 366 2442 G.
389 2389 529 2456 Ἀχελώϊον
544 2390 602 2451 ιἰργ.
620 2383 707 2451 Scripti
719 2393 770 2452 ple·
808 2387 1355 2456 duxicumGoettliugio.Conllieynadllom.

226 2481 295 2541 rique
318 2488 344 2528 et
367 2480 397 2527 ab
422 2479 481 2525 llldo
506 2477 562 2523 inde
587 2476 650 2522 Edd.
672 2489 770 2531 omnes,
809 2479 859 2526 l.c.
871 2473 960 2525 Ῥόδιον
968 2494 998 2526 τε
1007 2477 1354 2540 Λιιῦκμοναῦϊον.Β.Ρκτ.Β.

226 2567 335 2628 exceptis
352 2565 427 2613 Gaiss.
447 2573 472 2612 ot
490 2563 561 2610 Dind.
583 2562 608 2608 in
630 2562 718 2622 quibus
735 2569 773 2608 est
844 2578 879 2610 vs.
897 2565 957 2610 342.
972 2560 1079 2613 Αϊτιπον
1094 2565 1150 2612 Par.
1163 2566 1191 2612 F.
1209 2566 1237 2613 ln
1250 2563 1314 2612 θεῖόν
1328 2580 1358 2613 τε

228 2645 358 2713 Ἀχελῷον
376 2646 402 2698 τ’
420 2646 478 2710 oisy.
499 2655 526 2695 ut
544 2647 698 2695 scribendum
716 2661 773 2694 cen-
809 2647 933 2705 Σιμοῦντα
943 2648 1018 2696 Codd.
1029 2650 1089 2696 nibil
1098 2648 1193 2696 variant
1202 2657 1226 2696 et
1236 2637 1271 2698 sic
1279 2649 1357 2709 plane

227 2745 328 2786 suerant
345 2737 451 2798 Guyetus
468 2742 492 2782 ot
509 2735 604 2782 llawes.
622 2734 692 2782 Misc.
711 2733 771 2781 Crit.
810 2734 867 2781 citat
884 2733 1037 2782 Scholl'en,
1052 2735 1082 2782 ad
1096 2736 1126 2782 Il.
1141 2735 1175 2782 bl.
1192 2736 1235 2782 λλ.
1257 2736 1298 2782 Est
1312 2750 1357 2783 au·

227 2841 254 2886 p.
266 2825 327 2873 lto.
341 2825 399 2871 item
408 2821 554 2870 Wintertoni
567 2821 699 2877 Editiones‚
710 2834 773 2880 quae
809 2826 860 2866 tem
875 2821 1001 2878 Σιμοῦντα
1013 2819 1090 2870 forma
1105 2830 1242 2879 eontracta,
1256 2823 1358 2882 qualem

229 2904 372 2971 Ἀχελώϊον
384 2908 409 2954 τ’
426 2903 484 2968 aisy.
500 2906 624 2962 exhibent,
639 2919 738 2966 prorsus
747 2915 774 2952 ut
811 2908 957 2968 antiquiores
972 2908 1099 2956 scribendo
1111 2909 1235 2956 admisisse
1248 2910 1287 2956 six
1297 2923 1358 2958 cen·

229 2996 319 3043 babent
335 2993 450 3042 meliores
460 2990 536 3040 Codd.
550 2991 611 3038 Ven.
627 2998 652 3038 et
666 2991 731 3039 llor.
740 2991 772 3039 Α.
810 3006 874 3039 seas.
888 2993 939 3040 lloc
951 3001 1032 3041 motus
1045 2991 1178 3041 Franckius
1191 2995 1222 3041 ad
1235 2995 1266 3041 ll.
1281 2995 1357 3043 llom.

228 3078 326 3127 Scilicet
347 3078 464 3126 omissum
481 3072 507 3123 τ’
524 3089 538 3123 a
553 3076 715 3137 grammaticis
733 3076 773 3125 vel
811 3078 836 3124 in
855 3077 935 3139 Apoll.
960 3078 1015 3126 Del.
1038 3079 1082 3125 56.
1103 3079 1232 3137 legendum
1253 3069 1359 3127 coniecit

229 3162 334 3210 librariis
351 3162 383 3208 de
398 3169 477 3228 metro
492 3160 615 3217 sollicitis,
631 3175 692 3221 quos
703 3161 774 3210 latuit
810 3161 871 3230 ῦεϊορ
880 3163 1011 3223 Σιμόενται
1026 3164 1098 3220 beno,
1110 3164 1188 3211 iudice
1198 3163 1356 3225 Goettlingio.

229 3239 370 3306 Ἀχελώϊον
390 3244 498 3304 potuisse
515 3244 704 3318 pronunciando·
714 3258 773 3305 qua·
811 3248 949 3298 Praeleram
956 3250 1084 3309 equidem,
1095 3250 1159 3309 quod
1168 3250 1324 3296 Hermannus
1333 3249 1358 3296 in

170 3331 174 3336 “
229 3340 285 3379 tuor
306 3330 405 3393 syllabis
425 3330 523 3387 efferri,
552 3331 644 3391 pariter
660 3329 774 3393 ιιῑἜργ.
811 3335 918 3383 Censura
926 3334 1119 3394 Goettlingianae
1130 3336 1263 3395 proposuit,
1281 3333 1358 3394 Σιμό-

230 3417 293 3465 3ῦ8.
312 3410 444 3477 πατρώϊον,
458 3423 576 3475 sequente
590 3414 684 3472 Ὲοῖκον,
697 3417 775 3463 tribus
811 3417 872 3467 εντα
888 3435 917 3467 τε
931 3416 1000 3467 letos.
1038 3418 1085 3467 Sed
1106 3420 1152 3467 boc
1171 3420 1304 3480 antiquitus
1323 3422 1360 3468 sis

230 3501 336 3564 syllabis.
363 3499 433 3561 Apud
449 3500 582 3564 Homerum
597 3499 773 3560 quoquolid.
812 3505 927 3572 scriptum
942 3504 1051 3551 mutandi
1072 3518 1145 3551 causa
1163 3505 1269 3552 librariis
1288 3506 1359 3552 nulla

231 3585 293 3633 las.
305 3584 416 3633 invenias
427 3587 463 3646 τῷ
477 3578 533 3631 οῦδὲ
542 3580 624 3644 apolus
635 3578 776 3644 Ἀχελώϊος
812 3603 867 3636 esse
877 3589 964 3649 potuit.
983 3588 1066 3637 Potius
1075 3589 1142 3638 dicas
1155 3591 1270 3651 scriptum
1280 3591 1311 3638 ab
1322 3592 1359 3639 bis

230 3664 395 3734 Ειτοφαρϊζιι.
426 3670 542 3719 Similiter
562 3670 627 3732 apud
644 3671 776 3718 Hesiodum
812 3674 948 3732 Σιμοῦντα,
966 3674 1120 3722 censentibus
1136 3673 1259 3733 Σιμόεντα
1279 3682 1360 3723 metro

230 3757 257 3805 in
266 3758 338 3807 Eoeis
354 3765 390 3806 est
406 3752 523 3812 Μινοῆϊον
531 3763 648 3817 sequente
661 3753 706 3803 uui
716 3769 776 3817 qua-
812 3759 879 3806 salvo
892 3766 957 3805 stare
972 3772 1020 3806 non
1037 3773 1117 3821 posse.
1136 3760 1167 3807 bt
1178 3774 1236 3809 vero
1250 3761 1285 3808 sic
1297 3762 1373 3809 scri·⁴

230 3844 398 3905 drisyllabum.
427 3844 494 3892 Talia
509 3851 591 3890 autem
608 3850 703 3891 veteres
720 3850 777 3904 pro·
814 3851 882 3904 ptum
906 3843 1054 3904 antiquiores
1076 3844 1126 3902 ita,
1148 3845 1173 3892 ni
1191 3844 1276 3902 fallor,
1302 3857 1359 3906 pro·

227 3929 368 3977 nuncianda
387 3930 434 3988 sic,
452 3930 478 3978 ni
495 3929 575 3984 fallor,
592 3923 775 3985 contrahebant,
813 3927 973 3986 nunciarunt,
990 3943 1019 3977 ac
1035 3930 1150 3977 siessent
1168 3936 1217 3976 tres
1234 3930 1358 3991 syllabae:

231 4020 259 4060 ut
273 4020 355 4061 tamen
370 4020 424 4073 post
436 4028 454 4060 α
466 4014 530 4069 vela
544 4026 616 4061 sonus
626 4012 673 4059 τοῦ
685 4029 693 4059 ι
709 4012 776 4060 audi·
815 4017 918 4072 quarum
927 4013 1100 4070 tamenmedia
1109 4025 1140 4060 an
1149 4013 1221 4075 plane
1230 4022 1258 4063 ut
1268 4028 1295 4062 ον
1304 4029 1360 4076 pro

230 4105 315 4144 retur:
330 4104 354 4143 at
367 4092 500 4158 Ἀχέλιρον
509 4098 548 4144 vel
558 4092 660 4159 Μιννρϊον
671 4095 777 4144 scribere
815 4099 927 4146 nunciata
941 4098 1023 4156 luerit,
1038 4099 1155 4146 incertum
1165 4108 1211 4147 ost.
1236 4101 1362 4160 Σιμοῦντα

233 4181 386 4241 antiquorum
407 4181 515 4237 nemini,
534 4190 608 4242 puto,
628 4182 654 4228 in
671 4187 785 4228 mentem.
815 4184 969 4233 nibilominus
983 4183 1165 4243 relinquendum
1179 4185 1246 4233 duxi.

233 4265 347 4316 venisset.
374 4267 579 4318 Goniliuctzcll.
600 4282 624 4327 p.
645 4267 679 4314 96
697 4279 749 4327 seq.
854 4272 970 4318 καῦμ’).
994 4263 1112 4327 καῖ’ἔμον
1128 4268 1183 4317 Par.
1204 4270 1234 4317 li.
1252 4266 1363 4334 εῦρρντον
