2967 5209
256 494 327 567 276
578 574 586 589 ¹
700 523 941 569 corrasimus

255 713 327 754 eam
355 691 396 755 ab
423 693 517 755 Luna
537 692 727 758 arbitratus.
776 693 888 781 ltaque
909 705 1013 758 aetate
1027 693 1161 758 Hesiodi
1180 694 1289 759 adhuc
1310 696 1384 782 pri·

254 825 306 867 soa
329 804 448 891 religio
462 804 596 870 Hecates
618 806 768 894 vigebat,
791 830 888 872 causa
903 808 974 871 cius
992 807 1166 894 religionis
1182 808 1297 872 minus
1311 810 1383 873 iam

256 913 446 979 tenebatur:
470 927 582 1002 postea
604 927 716 981 autem
735 930 768 982 et
782 941 882 1006 super
900 918 1019 983 Hecate
1038 917 1144 1005 inagis
1163 919 1289 984 variari
1305 942 1385 983 coe·

255 1038 354 1112 ptum
377 1040 425 1094 est
442 1029 659 1118 opinionibus
673 1042 707 1096 et
725 1032 836 1095 cultus
849 1030 919 1095 eius
937 1031 1085 1096 diversus
1109 1052 1128 1094 a
1146 1030 1256 1117 prisco
1275 1028 1386 1096 factus

255 1150 313 1204 est.
335 1140 447 1213 ,Cum
476 1143 567 1208 enim
596 1124 755 1229 ’Ἄρτεμις
786 1143 823 1208 in
854 1145 980 1209 multos
1005 1141 1163 1229 pristinos
1185 1131 1329 1221 Ἑκάτης
1351 1156 1384 1208 et

256 1245 430 1342 Ἑκαέργης
452 1255 595 1319 honores
618 1256 833 1334 successisset,
859 1256 927 1320 dici
952 1256 1024 1343 ipsa
1050 1277 1181 1341 quoque
1202 1245 1331 1332 Ἑκάτη
1351 1267 1385 1320 et

255 1354 415 1456 Ἑκαέργὴ
436 1368 559 1456 potuit,
584 1379 623 1431 ut
642 1368 776 1456 Apollo,
805 1369 840 1434 in
862 1368 992 1434 Titanis
1009 1365 1096 1434 Solis
1114 1368 1255 1433 honores
1272 1391 1383 1433 succe·

256 1478 346 1557 dens,
360 1469 504 1550 ‘'Etaroi
535 1492 569 1544 et
601 1469 797 1569 Ἑκάεργος,
824 1503 1026 1569 quamquam
1048 1473 1206 1569 Ἑκαέργη
1228 1479 1383 1568 deinceps

255 1595 360 1681 magis
388 1594 503 1660 habita
534 1593 603 1657 suit
621 1617 686 1658 una
706 1616 723 1658 e
742 1594 868 1659 Dianae
886 1593 1053 1658 ministris
1073 1591 1319 1680 Hyperboreis,
1346 1602 1382 1655 ut

255 1706 337 1770 item
369 1691 492 1783 Ἑκάτη
521 1706 647 1770 dicitur
676 1728 801 1770 nomen
832 1706 1032 1793 impositum
1069 1703 1110 1769 ab
1144 1704 1249 1770 Diana
1281 1702 1383 1769 fuisse

256 1786 450 1906 Iphigeniae
470 1818 640 1884 Tauricae.
670 1819 748 1885 Vid.
770 1819 906 1885 Pausan.
929 1819 956 1882 I.
981 1819 1033 1884 ta.
1057 1816 1149 1884 Serv.
1169 1816 1210 1881 ad
1230 1817 1314 1883 Aen.
1337 1816 1379 1882 ΙΙ.

257 1932 331 1996 532.
352 1931 426 1999 VV.
449 1932 520 1997 DD.
542 1933 584 1997 ad
608 1931 746 1998 Gallim.
770 1932 811 1996 H.
827 1932 864 1996 in
883 1933 956 1997 Del.
977 1932 1054 1997 292.
1089 1929 1151 1996 Sed
1170 1941 1299 1995 certum
1322 1941 1378 2011 est,

256 2022 398 2108 Hecaten
427 2044 533 2132 magis
553 2043 716 2109 confundi
737 2056 890 2133 coeptam
910 2067 974 2111 esse
997 2067 1076 2109 cum
1102 2044 1209 2109 Diana
1226 2043 1315 2130 ipsa,
1335 2043 1379 2106 ita

255 2168 295 2219 ut
317 2155 405 2221 lovis
425 2157 527 2221 etiam
549 2156 622 2221 filia
639 2156 828 2222 haberetur.
844 2157 922 2223 Vid.
937 2155 1048 2223 Schol.
1064 2158 1103 2222 ad
1118 2156 1256 2220 Theocr.
1273 2154 1323 2220 ld.
1335 2154 1376 2220 ll.

257 2270 308 2333 12.
346 2268 515 2335 Cornutus
545 2270 586 2333 de
617 2269 656 2336 Ν.
689 2270 729 2335 D.
755 2269 808 2335 34.
854 2267 966 2334 Simul
988 2279 1102 2333 autem
1125 2267 1243 2333 Hecate
1267 2279 1377 2356 coepta

254 2392 303 2445 est
331 2380 446 2446 haberi
478 2368 621 2471 χθονία,
658 2380 795 2446 fortasse
817 2405 835 2445 e
857 2381 1022 2467 memoria⁴
1040 2380 1166 2468 priscae
1187 2380 1375 2468 religionis,

254 2518 330 2560 cuin
353 2510 426 2562 erat
448 2498 568 2562 Hecate
589 2494 701 2562 eadem
725 2508 763 2561 ac
785 2498 890 2575 Luna,
914 2517 997 2583 quae
1012 2495 1191 2583 aliquando
1206 2494 1375 2560 subternis

210 2642 219 2667 t
253 2606 345 2671 latet.
371 2608 451 2673 Eius
473 2609 586 2695 prima
607 2608 777 2695 opinionis
798 2608 938 2696 vestigia
952 2587 1052 2674 habet
1070 2609 1167 2673 Hom.
1190 2609 1231 2673 H.
1254 2610 1291 2673 in
1303 2607 1372 2675 Cer.

253 2717 313 2782 ubi
336 2741 369 2783 v.
397 2719 440 2781 24
459 2741 523 2805 seq.
547 2729 756 2784 memoratur
777 2718 896 2784 Hecate
918 2719 956 2783 in
979 2731 1076 2784 antro
1096 2719 1261 2798 habitans,
1277 2744 1309 2784 v.
1323 2721 1373 2785 52.

254 2827 338 2894 faces
348 2843 486 2919 gestans,
501 2854 533 2897 v.
549 2833 624 2899 440.
636 2833 768 2920 degenti
779 2833 867 2920 apud
875 2830 999 2897 inferos
1008 2855 1117 2897 comes
1126 2831 1213 2898 facta
1220 2846 1254 2900 et
1262 2834 1375 2899 minis·
1435 2918 1438 2923 y

253 2955 307 3008 tra
319 2944 543 3033 Proserpinae,
559 2967 703 3032 quacum
713 2956 824 3032 postea
833 2944 917 3008 item
924 2941 1209 3034 confundicoapta
1217 2958 1275 3011 est.
1294 2946 1373 3013 Sane

253 3077 366 3120 versus
388 3079 431 3121 ex
453 3055 622 3144 Orphicis,
645 3078 745 3142 quem
767 3055 848 3120 citat
871 3054 1053 3122 Scholiasta
1077 3058 1234 3145 Apollon.
1264 3060 1369 3124 Rhod.

253 3167 313 3232 ΙΙΙ.
339 3170 413 3234 467.
439 3168 582 3235 Hecaten
604 3168 707 3247 Δηοῦς
729 3165 884 3256 (Cereris)
907 3168 1016 3233 filiam
1036 3169 1117 3235 edit.
1147 3171 1296 3258 Denique
1313 3173 1373 3257 lle-

252 3291 367 3359 caten,
400 3304 501 3368 quam
524 3304 566 3347 ex
590 3281 723 3370 prodita
745 3279 786 3346 ab
808 3280 954 3368 antiquis
976 3282 1140 3346 memoria
1162 3283 1294 3348 Lunam
1318 3285 1371 3350 in·

253 3392 541 3480 terpretabantur‚
573 3394 710 3459 eandem
747 3404 862 3458 autem
888 3404 1077 3458 terrestrem
1106 3417 1144 3458 ac
1172 3396 1370 3462 venatricem

251 3505 410 3585 Dianam,
441 3505 612 3571 infernam
641 3506 873 3594 Proserpinam
899 3488 1149 3594 intelligebant,
1175 3509 1261 3575 Diva
1289 3509 1371 3576 facta

175 3652 181 3667 κ
251 3628 299 3681 est
315 3615 506 3695 Triformis,
529 3617 659 3704 colique
671 3619 710 3682 in
727 3619 840 3683 triviis
857 3602 983 3708 coapta.
1007 3619 1086 3688 vid.
1099 3619 1222 3708 fragm.
1246 3621 1369 3713 Sopho-

250 3731 312 3795 clis
334 3732 423 3819 apud
450 3729 560 3796 Schol.
584 3731 740 3819 Apollon.
760 3731 869 3797 Rhod.
890 3732 952 3797 ΙΙΙ.
975 3735 1070 3798 1214.
1097 3735 1214 3801 Tradit
1235 3737 1367 3803 Pausan.

251 3842 296 3908 ll.
320 3848 393 3923 30„
417 3844 571 3931 primum
594 3845 809 3909 Alcamenem
831 3842 1069 3912 Atheniensem
1090 3848 1222 3913 Hecates
1246 3850 1369 3937 triplex

250 3954 362 4024 fecisse
394 3958 519 4023 iunctis
548 3956 743 4045 corporibus
775 3957 926 4045 signum3
951 3960 1039 4047 apud
1063 3961 1236 4048 Aeginetas
1262 3974 1370 4027 autem

250 4071 384 4157 signum
406 4093 472 4136 esse
493 4071 643 4157 ligneum
663 4069 813 4146 Hecates,
832 4070 926 4135 cuius
942 4072 1151 4151 unicumos,
1169 4085 1209 4136 ut
1226 4075 1369 4163 corporis

250 4192 387 4248 truncus
408 4184 519 4248 unius.
570 4180 724 4269 Caeloque
741 4179 905 4269 Ereboque
919 4197 1075 4269 potentem
1090 4185 1233 4252 Hecaten
1246 4209 1368 4252 memo·

251 4305 302 4357 rat
332 4296 497 4381 Virgilius
520 4293 577 4365 Vl.
607 4294 688 4358 Aen.
719 4294 795 4357 247.
843 4294 1001 4360 Hesiodus
1029 4299 1136 4375 coelo,
1165 4310 1315 4387 terraque
1336 4310 1366 4362 et
