<?xml version="1.0" encoding="UTF-8"?>
<!DOCTYPE html PUBLIC "-//W3C//DTD XHTML 1.0 Transitional//EN"
    "http://www.w3.org/TR/xhtml1/DTD/xhtml1-transitional.dtd">
<html xmlns="http://www.w3.org/1999/xhtml" xml:lang="en" lang="en">
 <head>
  <title>
</title>
<meta http-equiv="Content-Type" content="text/html;charset=utf-8" />
  <meta name='ocr-system' content='tesseract 3.04.00' />
  <meta name='ocr-capabilities' content='ocr_page ocr_carea ocr_par ocr_line ocrx_word'/>
</head>
<body>
  <div class='ocr_page' id='page_1' title='image "./hesioditheogoni00lenngoog_0270.png"; bbox 0 0 2967 5209; ppageno 0'>
   <div class='ocr_carea' id='block_1_1' title="bbox 256 477 1139 563">
    <p class='ocr_par' dir='ltr' id='par_1_1' title="bbox 256 477 1139 563">
     <span class='ocr_line' id='line_1_1' title="bbox 256 477 1139 563; baseline -0.003 -13"><span class='ocrx_word' id='word_1_1' title='bbox 256 477 327 550; x_wconf 87' lang='grc'>226</span> <span class='ocrx_word' id='word_1_2' title='bbox 694 501 933 549; x_wconf 74' lang='lat' dir='ltr'>mfflsrsms</span> <span class='ocrx_word' id='word_1_3' title='bbox 992 544 997 551; x_wconf 93' lang='grc'><em>,</em></span> <span class='ocrx_word' id='word_1_4' title='bbox 1135 554 1139 563; x_wconf 54' lang='grc'><em>,</em></span> 
     </span>
    </p>
   </div>
   <div class='ocr_carea' id='block_1_2' title="bbox 140 661 1381 1098">
    <p class='ocr_par' dir='ltr' id='par_1_2' title="bbox 140 661 1381 1098">
     <span class='ocr_line' id='line_1_2' title="bbox 253 661 1381 763; baseline -0.005 -24"><span class='ocrx_word' id='word_1_5' title='bbox 253 685 363 763; x_wconf 82' lang='lat' dir='ltr'>perat,</span> <span class='ocrx_word' id='word_1_6' title='bbox 396 672 486 740; x_wconf 82' lang='lat' dir='ltr'>idem</span> <span class='ocrx_word' id='word_1_7' title='bbox 517 672 713 739; x_wconf 85' lang='lat' dir='ltr'>adiunctum</span> <span class='ocrx_word' id='word_1_8' title='bbox 748 661 902 753; x_wconf 72' lang='grc' dir='ltr'><em>Ἀπάτην</em></span> <span class='ocrx_word' id='word_1_9' title='bbox 933 672 974 737; x_wconf 90' lang='lat' dir='ltr'>ad</span> <span class='ocrx_word' id='word_1_10' title='bbox 1005 670 1209 736; x_wconf 78' lang='lat' dir='ltr'>meretricias</span> <span class='ocrx_word' id='word_1_11' title='bbox 1242 666 1381 734; x_wconf 86' lang='lat' dir='ltr'>fraudas</span> 
     </span>
     <span class='ocr_line' id='line_1_3' title="bbox 252 783 1380 871; baseline -0.004 -21"><span class='ocrx_word' id='word_1_12' title='bbox 252 783 416 863; x_wconf 83' lang='lat' dir='ltr'>referens,</span> <span class='ocrx_word' id='word_1_13' title='bbox 438 800 546 871; x_wconf 84' lang='lat' dir='ltr'>quem·</span> <span class='ocrx_word' id='word_1_14' title='bbox 559 796 688 851; x_wconf 87' lang='lat' dir='ltr'>secutus</span> <span class='ocrx_word' id='word_1_15' title='bbox 705 797 754 853; x_wconf 87' lang='lat' dir='ltr'>est</span> <span class='ocrx_word' id='word_1_16' title='bbox 774 786 933 855; x_wconf 84' lang='lat' dir='ltr'>Clericus.</span> <span class='ocrx_word' id='word_1_17' title='bbox 979 783 1042 850; x_wconf 82' lang='lat' dir='ltr'>Sed</span> <span class='ocrx_word' id='word_1_18' title='bbox 1062 783 1154 850; x_wconf 89' lang='lat' dir='ltr'>nihil</span> <span class='ocrx_word' id='word_1_19' title='bbox 1174 783 1294 862; x_wconf 81' lang='lat' dir='ltr'>obstat,</span> <span class='ocrx_word' id='word_1_20' title='bbox 1309 805 1380 870; x_wconf 91' lang='lat' dir='ltr'>quo</span> 
     </span>
     <span class='ocr_line' id='line_1_4' title="bbox 140 884 1378 985; baseline 0 -22"><span class='ocrx_word' id='word_1_21' title='bbox 140 912 151 933; x_wconf 92' lang='lat'><strong>·</strong></span> <span class='ocrx_word' id='word_1_22' title='bbox 253 898 366 963; x_wconf 85' lang='lat' dir='ltr'>minus</span> <span class='ocrx_word' id='word_1_23' title='bbox 396 884 531 976; x_wconf 67' lang='grc' dir='ltr'>Ἀπάτη</span> <span class='ocrx_word' id='word_1_24' title='bbox 562 898 663 965; x_wconf 87' lang='lat' dir='ltr'>latius</span> <span class='ocrx_word' id='word_1_25' title='bbox 692 899 733 965; x_wconf 88' lang='lat' dir='ltr'>de</span> <span class='ocrx_word' id='word_1_26' title='bbox 766 899 862 964; x_wconf 90' lang='lat' dir='ltr'>omni</span> <span class='ocrx_word' id='word_1_27' title='bbox 891 896 1009 963; x_wconf 84' lang='lat' dir='ltr'>fraude</span> <span class='ocrx_word' id='word_1_28' title='bbox 1037 896 1231 985; x_wconf 74' lang='lat' dir='ltr'><strong>accipiatur.</strong></span> <span class='ocrx_word' id='word_1_29' title='bbox 1276 895 1378 984; x_wconf 79' lang='lat' dir='ltr'>Apud</span> 
     </span>
     <span class='ocr_line' id='line_1_5' title="bbox 253 1008 1378 1098; baseline -0.002 -23"><span class='ocrx_word' id='word_1_30' title='bbox 253 1008 449 1076; x_wconf 80' lang='lat' dir='ltr'>Ciceronem</span> <span class='ocrx_word' id='word_1_31' title='bbox 477 1009 515 1074; x_wconf 90' lang='lat' dir='ltr'>in</span> <span class='ocrx_word' id='word_1_32' title='bbox 538 1009 638 1098; x_wconf 81' lang='lat' dir='ltr'>&#39;saepe</span> <span class='ocrx_word' id='word_1_33' title='bbox 661 1010 795 1076; x_wconf 86' lang='lat' dir='ltr'>laudata</span> <span class='ocrx_word' id='word_1_34' title='bbox 822 1010 1011 1076; x_wconf 79' lang='lat' dir='ltr'>recensione</span> <span class='ocrx_word' id='word_1_35' title='bbox 1029 1010 1134 1074; x_wconf 79' lang='lat' dir='ltr'>Fraus</span> <span class='ocrx_word' id='word_1_36' title='bbox 1156 1021 1281 1091; x_wconf 81' lang='lat' dir='ltr'>exstat3</span> <span class='ocrx_word' id='word_1_37' title='bbox 1306 1032 1378 1075; x_wconf 86' lang='lat' dir='ltr'>non</span> 
     </span>
    </p>
   </div>
   <div class='ocr_carea' id='block_1_3' title="bbox 250 1120 784 1231">
    <p class='ocr_par' dir='ltr' id='par_1_3' title="bbox 250 1120 784 1231">
     <span class='ocr_line' id='line_1_6' title="bbox 250 1120 784 1231; baseline 0 -45"><span class='ocrx_word' id='word_1_38' title='bbox 250 1121 334 1187; x_wconf 88' lang='lat' dir='ltr'>item</span> <span class='ocrx_word' id='word_1_39' title='bbox 351 1122 441 1211; x_wconf 85' lang='lat' dir='ltr'>apud</span> <span class='ocrx_word' id='word_1_40' title='bbox 463 1120 650 1231; x_wconf 61' lang='lat' dir='ltr'>Hyginum.</span> <span class='ocrx_word' id='word_1_41' title='bbox 783 1152 784 1155; x_wconf 39' lang='lat'>¹</span> 
     </span>
    </p>
   </div>
   <div class='ocr_carea' id='block_1_4' title="bbox 186 1330 1375 1773">
    <p class='ocr_par' dir='ltr' id='par_1_4' title="bbox 186 1330 1375 1547">
     <span class='ocr_line' id='line_1_7' title="bbox 216 1330 1375 1439; baseline 0.005 -34"><span class='ocrx_word' id='word_1_42' title='bbox 216 1392 223 1405; x_wconf 90' lang='lat'><strong>.</strong></span> <span class='ocrx_word' id='word_1_43' title='bbox 294 1370 327 1413; x_wconf 87' lang='lat' dir='ltr'>v.</span> <span class='ocrx_word' id='word_1_44' title='bbox 348 1346 423 1412; x_wconf 79' lang='grc'><strong>225.</strong></span> <span class='ocrx_word' id='word_1_45' title='bbox 440 1330 769 1435; x_wconf 73' lang='grc' dir='ltr'><em>’Ἑρννκνιρτερόθυμυν</em></span> <span class='ocrx_word' id='word_1_46' title='bbox 785 1348 808 1414; x_wconf 89' lang='lat' dir='ltr'>i.</span> <span class='ocrx_word' id='word_1_47' title='bbox 823 1369 853 1413; x_wconf 86' lang='lat' dir='ltr'>e.</span> <span class='ocrx_word' id='word_1_48' title='bbox 868 1354 1094 1439; x_wconf 65' lang='lat' dir='ltr'>comannorum</span> <span class='ocrx_word' id='word_1_49' title='bbox 1100 1354 1306 1433; x_wconf 70' lang='lat' dir='ltr'>pertinacem,</span> <span class='ocrx_word' id='word_1_50' title='bbox 1318 1344 1375 1411; x_wconf 86' lang='lat' dir='ltr'>sed</span> 
     </span>
     <span class='ocr_line' id='line_1_8' title="bbox 186 1438 1374 1547; baseline 0.001 -25"><span class='ocrx_word' id='word_1_51' title='bbox 186 1438 188 1443; x_wconf 31' lang='lat'><strong><em>¹</em></strong></span> <span class='ocrx_word' id='word_1_52' title='bbox 248 1460 285 1524; x_wconf 87' lang='lat' dir='ltr'>in</span> <span class='ocrx_word' id='word_1_53' title='bbox 299 1459 399 1525; x_wconf 89' lang='lat' dir='ltr'>malis</span> <span class='ocrx_word' id='word_1_54' title='bbox 411 1459 565 1524; x_wconf 86' lang='lat' dir='ltr'>serendis:</span> <span class='ocrx_word' id='word_1_55' title='bbox 581 1459 912 1546; x_wconf 84' lang='lat' dir='ltr'>namquemeliorem</span> <span class='ocrx_word' id='word_1_56' title='bbox 925 1442 1029 1547; x_wconf 74' lang='grc' dir='ltr'><em>Ἔριν,</em></span> <span class='ocrx_word' id='word_1_57' title='bbox 1051 1458 1092 1523; x_wconf 89' lang='lat' dir='ltr'>de</span> <span class='ocrx_word' id='word_1_58' title='bbox 1108 1480 1174 1545; x_wconf 87' lang='lat' dir='ltr'>qua</span> <span class='ocrx_word' id='word_1_59' title='bbox 1193 1441 1374 1546; x_wconf 75' lang='grc' dir='ltr'>νίάοἝργ.</span> 
     </span>
    </p>

    <p class='ocr_par' dir='ltr' id='par_1_5' title="bbox 249 1571 1373 1773">
     <span class='ocr_line' id='line_1_9' title="bbox 249 1571 1038 1660; baseline -0.001 -24"><span class='ocrx_word' id='word_1_60' title='bbox 249 1577 287 1638; x_wconf 85' lang='grc'>17</span> <span class='ocrx_word' id='word_1_61' title='bbox 308 1594 396 1660; x_wconf 84' lang='lat' dir='ltr'>seqq.</span> <span class='ocrx_word' id='word_1_62' title='bbox 418 1573 572 1639; x_wconf 90' lang='lat' dir='ltr'>nondum</span> <span class='ocrx_word' id='word_1_63' title='bbox 591 1571 646 1636; x_wconf 83' lang='lat' dir='ltr'>hic</span> <span class='ocrx_word' id='word_1_64' title='bbox 669 1583 849 1660; x_wconf 77' lang='lat' dir='ltr'>agnoverat</span> <span class='ocrx_word' id='word_1_65' title='bbox 868 1572 1038 1638; x_wconf 76' lang='lat' dir='ltr'>Hesiodus.</span> 
     </span>
     <span class='ocr_line' id='line_1_10' title="bbox 290 1681 1373 1773; baseline -0.003 -23"><span class='ocrx_word' id='word_1_66' title='bbox 290 1686 349 1751; x_wconf 86' lang='lat' dir='ltr'>Est</span> <span class='ocrx_word' id='word_1_67' title='bbox 361 1685 451 1773; x_wconf 88' lang='lat' dir='ltr'>apud</span> <span class='ocrx_word' id='word_1_68' title='bbox 463 1685 638 1773; x_wconf 84' lang='lat' dir='ltr'>Hyginum</span> <span class='ocrx_word' id='word_1_69' title='bbox 654 1685 678 1751; x_wconf 90' lang='lat' dir='ltr'>l.</span> <span class='ocrx_word' id='word_1_70' title='bbox 695 1707 724 1749; x_wconf 76' lang='lat' dir='ltr'>c</span> <span class='ocrx_word' id='word_1_71' title='bbox 743 1683 909 1748; x_wconf 81' lang='lat' dir='ltr'>Contentio</span> <span class='ocrx_word' id='word_1_72' title='bbox 920 1695 1008 1749; x_wconf 80' lang='lat' dir='ltr'>recte</span> <span class='ocrx_word' id='word_1_73' title='bbox 1021 1682 1207 1773; x_wconf 76' lang='lat' dir='ltr'>repositum</span> <span class='ocrx_word' id='word_1_74' title='bbox 1221 1705 1241 1748; x_wconf 89' lang='lat' dir='ltr'>a</span> <span class='ocrx_word' id='word_1_75' title='bbox 1254 1681 1373 1749; x_wconf 83' lang='lat' dir='ltr'>blunc·</span> 
     </span>
    </p>
   </div>
   <div class='ocr_carea' id='block_1_5' title="bbox 244 1797 644 1886">
    <p class='ocr_par' dir='ltr' id='par_1_6' title="bbox 244 1797 644 1886">
     <span class='ocr_line' id='line_1_11' title="bbox 244 1797 644 1886; baseline -0.008 -23"><span class='ocrx_word' id='word_1_76' title='bbox 244 1799 326 1864; x_wconf 84' lang='lat' dir='ltr'>kero</span> <span class='ocrx_word' id='word_1_77' title='bbox 345 1818 407 1886; x_wconf 84' lang='lat' dir='ltr'>pro</span> <span class='ocrx_word' id='word_1_78' title='bbox 430 1797 644 1873; x_wconf 68' lang='lat' dir='ltr'>Continentia,</span> 
     </span>
    </p>
   </div>
   <div class='ocr_carea' id='block_1_6' title="bbox 93 2020 1369 4378">
    <p class='ocr_par' dir='ltr' id='par_1_7' title="bbox 241 2020 1369 2226">
     <span class='ocr_line' id='line_1_12' title="bbox 288 2020 1369 2112; baseline -0.005 -22"><span class='ocrx_word' id='word_1_79' title='bbox 288 2046 321 2092; x_wconf 86' lang='lat' dir='ltr'>v.</span> <span class='ocrx_word' id='word_1_80' title='bbox 340 2025 406 2089; x_wconf 83' lang='lat'>226</span> <span class='ocrx_word' id='word_1_81' title='bbox 423 2045 510 2112; x_wconf 83' lang='lat' dir='ltr'>seqq.</span> <span class='ocrx_word' id='word_1_82' title='bbox 536 2025 590 2093; x_wconf 85' lang='lat' dir='ltr'>Ex</span> <span class='ocrx_word' id='word_1_83' title='bbox 610 2024 710 2090; x_wconf 90' lang='lat' dir='ltr'>Eride</span> <span class='ocrx_word' id='word_1_84' title='bbox 725 2046 901 2089; x_wconf 86' lang='lat' dir='ltr'>numerosa</span> <span class='ocrx_word' id='word_1_85' title='bbox 907 2025 1077 2090; x_wconf 86' lang='lat' dir='ltr'>malorum</span> <span class='ocrx_word' id='word_1_86' title='bbox 1088 2023 1214 2091; x_wconf 86' lang='lat' dir='ltr'>soboles</span> <span class='ocrx_word' id='word_1_87' title='bbox 1226 2020 1369 2088; x_wconf 82' lang='lat' dir='ltr'>exstitit.</span> 
     </span>
     <span class='ocr_line' id='line_1_13' title="bbox 241 2126 1367 2226; baseline -0.003 -24"><span class='ocrx_word' id='word_1_88' title='bbox 241 2135 406 2202; x_wconf 80' lang='lat' dir='ltr'>Memorat</span> <span class='ocrx_word' id='word_1_89' title='bbox 419 2139 519 2225; x_wconf 64' lang='lat' dir='ltr'>poeta</span> <span class='ocrx_word' id='word_1_90' title='bbox 539 2127 638 2203; x_wconf 72' lang='grc' dir='ltr'><em>Πόνον</em></span> <span class='ocrx_word' id='word_1_91' title='bbox 649 2126 856 2225; x_wconf 64' lang='grc' dir='ltr'><em>ἀλγινόεντα,</em></span> <span class='ocrx_word' id='word_1_92' title='bbox 864 2138 1036 2204; x_wconf 85' lang='lat' dir='ltr'>molestiae</span> <span class='ocrx_word' id='word_1_93' title='bbox 1045 2139 1185 2226; x_wconf 86' lang='lat' dir='ltr'>plenum</span> <span class='ocrx_word' id='word_1_94' title='bbox 1194 2136 1367 2215; x_wconf 83' lang='lat' dir='ltr'>Laborem3</span> 
     </span>
    </p>

    <p class='ocr_par' dir='ltr' id='par_1_8' title="bbox 212 2230 1368 2564">
     <span class='ocr_line' id='line_1_14' title="bbox 212 2230 1365 2339; baseline -0.002 -26"><span class='ocrx_word' id='word_1_95' title='bbox 212 2230 217 2243; x_wconf 46' lang='lat'><strong><em>⁴</em></strong></span> <span class='ocrx_word' id='word_1_96' title='bbox 238 2249 335 2313; x_wconf 88' lang='lat' dir='ltr'>cuius</span> <span class='ocrx_word' id='word_1_97' title='bbox 351 2270 527 2337; x_wconf 88' lang='lat' dir='ltr'>personam</span> <span class='ocrx_word' id='word_1_98' title='bbox 542 2249 583 2315; x_wconf 87' lang='lat' dir='ltr'>ab</span> <span class='ocrx_word' id='word_1_99' title='bbox 605 2250 745 2316; x_wconf 88' lang='lat' dir='ltr'>Hesiodo</span> <span class='ocrx_word' id='word_1_100' title='bbox 759 2261 934 2317; x_wconf 88' lang='lat' dir='ltr'>mutuatus</span> <span class='ocrx_word' id='word_1_101' title='bbox 950 2251 1059 2316; x_wconf 84' lang='lat' dir='ltr'>videri</span> <span class='ocrx_word' id='word_1_102' title='bbox 1072 2260 1180 2339; x_wconf 87' lang='lat' dir='ltr'>potest</span> <span class='ocrx_word' id='word_1_103' title='bbox 1188 2248 1365 2336; x_wconf 81' lang='lat' dir='ltr'>Virgilius,</span> 
     </span>
     <span class='ocr_line' id='line_1_15' title="bbox 239 2337 1368 2450; baseline 0.002 -26"><span class='ocrx_word' id='word_1_104' title='bbox 239 2360 299 2425; x_wconf 80' lang='lat' dir='ltr'>un</span> <span class='ocrx_word' id='word_1_105' title='bbox 325 2362 383 2427; x_wconf 79' lang='lat' dir='ltr'>nn</span> <span class='ocrx_word' id='word_1_106' title='bbox 415 2337 492 2427; x_wconf 72' lang='lat' dir='ltr'>&#39;oum</span> <span class='ocrx_word' id='word_1_107' title='bbox 515 2364 616 2428; x_wconf 72' lang='lat' dir='ltr'>same</span> <span class='ocrx_word' id='word_1_108' title='bbox 643 2352 771 2450; x_wconf 55' lang='lat' dir='ltr'>(ncne)</span> <span class='ocrx_word' id='word_1_109' title='bbox 800 2374 834 2427; x_wconf 73' lang='lat' dir='ltr'>a</span> <span class='ocrx_word' id='word_1_110' title='bbox 861 2364 937 2429; x_wconf 74' lang='lat' dir='ltr'>ann</span> <span class='ocrx_word' id='word_1_111' title='bbox 960 2386 1060 2450; x_wconf 72' lang='lat' dir='ltr'>aeque</span> <span class='ocrx_word' id='word_1_112' title='bbox 1085 2361 1368 2428; x_wconf 64' lang='lat' dir='ltr'>insistendem</span> 
     </span>
     <span class='ocr_line' id='line_1_16' title="bbox 241 2463 1368 2564; baseline 0.004 -28"><span class='ocrx_word' id='word_1_113' title='bbox 241 2473 365 2539; x_wconf 80' lang='lat' dir='ltr'>tribuit</span> <span class='ocrx_word' id='word_1_114' title='bbox 381 2474 419 2538; x_wconf 91' lang='lat' dir='ltr'>in</span> <span class='ocrx_word' id='word_1_115' title='bbox 434 2473 515 2539; x_wconf 88' lang='lat' dir='ltr'>Orci</span> <span class='ocrx_word' id='word_1_116' title='bbox 529 2474 703 2551; x_wconf 85' lang='lat' dir='ltr'>vestibulo,</span> <span class='ocrx_word' id='word_1_117' title='bbox 724 2475 808 2540; x_wconf 85' lang='lat' dir='ltr'>Aen.</span> <span class='ocrx_word' id='word_1_118' title='bbox 828 2475 888 2541; x_wconf 86' lang='lat' dir='ltr'>VI.</span> <span class='ocrx_word' id='word_1_119' title='bbox 906 2478 970 2541; x_wconf 84' lang='lat'>213</span> <span class='ocrx_word' id='word_1_120' title='bbox 988 2498 1093 2564; x_wconf 87' lang='lat' dir='ltr'>seqq.;</span> <span class='ocrx_word' id='word_1_121' title='bbox 1116 2463 1233 2556; x_wconf 63' lang='lat' dir='ltr'>ilibas,</span> <span class='ocrx_word' id='word_1_122' title='bbox 1252 2475 1368 2563; x_wconf 87' lang='lat' dir='ltr'>pemi-</span> 
     </span>
    </p>

    <p class='ocr_par' dir='ltr' id='par_1_9' title="bbox 168 2579 1368 4149">
     <span class='ocr_line' id='line_1_17' title="bbox 168 2579 1368 2675; baseline 0.002 -26"><span class='ocrx_word' id='word_1_123' title='bbox 168 2591 173 2600; x_wconf 83' lang='lat'>‘</span> <span class='ocrx_word' id='word_1_124' title='bbox 236 2585 362 2650; x_wconf 88' lang='lat' dir='ltr'>ciosam</span> <span class='ocrx_word' id='word_1_125' title='bbox 385 2584 602 2652; x_wconf 89' lang='lat' dir='ltr'>Oblivionem</span> <span class='ocrx_word' id='word_1_126' title='bbox 624 2584 877 2664; x_wconf 87' lang='lat' dir='ltr'>beneficiorum,</span> <span class='ocrx_word' id='word_1_127' title='bbox 892 2587 1088 2668; x_wconf 88' lang='lat' dir='ltr'>officiorum,</span> <span class='ocrx_word' id='word_1_128' title='bbox 1111 2590 1238 2675; x_wconf 89' lang='lat' dir='ltr'>legum;</span> <span class='ocrx_word' id='word_1_129' title='bbox 1264 2579 1368 2672; x_wconf 66' lang='grc' dir='ltr'><em>Λιμδν</em></span> 
     </span>
     <span class='ocr_line' id='line_1_18' title="bbox 239 2700 1366 2791; baseline 0.002 -25"><span class='ocrx_word' id='word_1_130' title='bbox 239 2701 387 2779; x_wconf 78' lang='lat' dir='ltr'>Famem,</span> <span class='ocrx_word' id='word_1_131' title='bbox 406 2722 495 2779; x_wconf 89' lang='lat' dir='ltr'>cum,</span> <span class='ocrx_word' id='word_1_132' title='bbox 513 2722 674 2765; x_wconf 87' lang='lat' dir='ltr'>converso</span> <span class='ocrx_word' id='word_1_133' title='bbox 692 2700 731 2764; x_wconf 92' lang='lat' dir='ltr'>ad</span> <span class='ocrx_word' id='word_1_134' title='bbox 753 2701 829 2764; x_wconf 87' lang='lat' dir='ltr'>lites</span> <span class='ocrx_word' id='word_1_135' title='bbox 849 2704 986 2789; x_wconf 88' lang='lat' dir='ltr'>populo,</span> <span class='ocrx_word' id='word_1_136' title='bbox 1007 2705 1062 2769; x_wconf 84' lang='lat' dir='ltr'>vel</span> <span class='ocrx_word' id='word_1_137' title='bbox 1081 2704 1229 2791; x_wconf 84' lang='lat' dir='ltr'>neglecta</span> <span class='ocrx_word' id='word_1_138' title='bbox 1250 2702 1366 2789; x_wconf 88' lang='lat' dir='ltr'>squal-</span> 
     </span>
     <span class='ocr_line' id='line_1_19' title="bbox 238 2799 1368 2902; baseline -0.001 -23"><span class='ocrx_word' id='word_1_139' title='bbox 238 2814 312 2879; x_wconf 88' lang='lat' dir='ltr'>lent</span> <span class='ocrx_word' id='word_1_140' title='bbox 335 2834 430 2890; x_wconf 82' lang='lat' dir='ltr'>arva‚</span> <span class='ocrx_word' id='word_1_141' title='bbox 455 2814 509 2880; x_wconf 87' lang='lat' dir='ltr'>vel</span> <span class='ocrx_word' id='word_1_142' title='bbox 531 2825 565 2877; x_wconf 81' lang='lat' dir='ltr'>et</span> <span class='ocrx_word' id='word_1_143' title='bbox 587 2814 681 2878; x_wconf 87' lang='lat' dir='ltr'>culta</span> <span class='ocrx_word' id='word_1_144' title='bbox 702 2824 889 2894; x_wconf 68' lang='lat' dir='ltr'>vastantun</span> <span class='ocrx_word' id='word_1_145' title='bbox 917 2815 998 2880; x_wconf 87' lang='lat' dir='ltr'>hinc</span> <span class='ocrx_word' id='word_1_146' title='bbox 1013 2799 1148 2902; x_wconf 71' lang='grc' dir='ltr'><em>’Ἄλγεα</em></span> <span class='ocrx_word' id='word_1_147' title='bbox 1170 2804 1368 2902; x_wconf 73' lang='grc' dir='ltr'><em>δακρυόεντα</em></span> 
     </span>
     <span class='ocr_line' id='line_1_20' title="bbox 238 2920 1364 3015; baseline -0.003 -24"><span class='ocrx_word' id='word_1_148' title='bbox 238 2924 474 3014; x_wconf 83' lang='lat' dir='ltr'>lacrymabiles</span> <span class='ocrx_word' id='word_1_149' title='bbox 493 2927 630 2991; x_wconf 84' lang='lat' dir='ltr'>Dolores</span> <span class='ocrx_word' id='word_1_150' title='bbox 651 2946 683 2991; x_wconf 88' lang='lat' dir='ltr'>v.</span> <span class='ocrx_word' id='word_1_151' title='bbox 707 2927 772 2993; x_wconf 84' lang='lat'>226</span> <span class='ocrx_word' id='word_1_152' title='bbox 789 2948 870 3012; x_wconf 88' lang='lat' dir='ltr'>scq.;</span> <span class='ocrx_word' id='word_1_153' title='bbox 895 2928 1057 3015; x_wconf 73' lang='lat' dir='ltr'>deinceps,</span> <span class='ocrx_word' id='word_1_154' title='bbox 1069 2920 1223 3012; x_wconf 68' lang='grc' dir='ltr'>Ὑσμίνας</span> <span class='ocrx_word' id='word_1_155' title='bbox 1240 2949 1271 2995; x_wconf 82' lang='grc' dir='ltr'>ν.</span> <span class='ocrx_word' id='word_1_156' title='bbox 1284 2948 1316 2996; x_wconf 79' lang='grc' dir='ltr'>τ.</span> <span class='ocrx_word' id='word_1_157' title='bbox 1328 2931 1364 2990; x_wconf 83' lang='grc' dir='ltr'>λ.</span> 
     </span>
     <span class='ocr_line' id='line_1_21' title="bbox 238 3032 1366 3128; baseline 0.001 -23"><span class='ocrx_word' id='word_1_158' title='bbox 238 3039 367 3106; x_wconf 83' lang='lat' dir='ltr'>Proelia</span> <span class='ocrx_word' id='word_1_159' title='bbox 379 3052 412 3105; x_wconf 91' lang='lat' dir='ltr'>et</span> <span class='ocrx_word' id='word_1_160' title='bbox 426 3061 470 3105; x_wconf 84' lang='lat' dir='ltr'>ex</span> <span class='ocrx_word' id='word_1_161' title='bbox 479 3039 617 3127; x_wconf 87' lang='lat' dir='ltr'>proeliis</span> <span class='ocrx_word' id='word_1_162' title='bbox 630 3038 765 3120; x_wconf 59' lang='lat' dir='ltr'>Caedem</span> <span class='ocrx_word' id='word_1_163' title='bbox 783 3040 821 3104; x_wconf 90' lang='lat' dir='ltr'>in</span> <span class='ocrx_word' id='word_1_164' title='bbox 832 3038 906 3117; x_wconf 80' lang='lat' dir='ltr'>foro</span> <span class='ocrx_word' id='word_1_165' title='bbox 922 3032 1043 3123; x_wconf 69' lang='grc' dir='ltr'><em>Νείκευ</em></span> <span class='ocrx_word' id='word_1_166' title='bbox 1058 3040 1169 3128; x_wconf 84' lang='lat' dir='ltr'>Iurgia</span> <span class='ocrx_word' id='word_1_167' title='bbox 1183 3053 1217 3105; x_wconf 85' lang='lat' dir='ltr'>et</span> <span class='ocrx_word' id='word_1_168' title='bbox 1232 3037 1366 3127; x_wconf 77' lang='grc' dir='ltr'><strong><em>Ἀμφι-</em></strong></span> 
     </span>
     <span class='ocr_line' id='line_1_22' title="bbox 236 3143 1364 3241; baseline 0.005 -26"><span class='ocrx_word' id='word_1_169' title='bbox 236 3143 355 3241; x_wconf 74' lang='grc' dir='ltr'><em>λνγὶυς</em></span> <span class='ocrx_word' id='word_1_170' title='bbox 370 3153 659 3241; x_wconf 78' lang='lat' dir='ltr'>Disceptationes,</span> <span class='ocrx_word' id='word_1_171' title='bbox 680 3177 750 3223; x_wconf 86' lang='lat' dir='ltr'>nou</span> <span class='ocrx_word' id='word_1_172' title='bbox 772 3153 1043 3227; x_wconf 86' lang='lat' dir='ltr'>sineMendaciis</span> <span class='ocrx_word' id='word_1_173' title='bbox 1063 3179 1101 3223; x_wconf 88' lang='lat' dir='ltr'>ac</span> <span class='ocrx_word' id='word_1_174' title='bbox 1126 3156 1364 3235; x_wconf 79' lang='lat' dir='ltr'>lureiuraudo,</span> 
     </span>
     <span class='ocr_line' id='line_1_23' title="bbox 235 3267 1364 3363; baseline 0.005 -30"><span class='ocrx_word' id='word_1_175' title='bbox 235 3269 332 3333; x_wconf 90' lang='lat' dir='ltr'>cuius</span> <span class='ocrx_word' id='word_1_176' title='bbox 352 3267 477 3334; x_wconf 85' lang='lat' dir='ltr'>violata</span> <span class='ocrx_word' id='word_1_177' title='bbox 493 3269 612 3356; x_wconf 83' lang='lat' dir='ltr'>religio</span> <span class='ocrx_word' id='word_1_178' title='bbox 630 3288 767 3356; x_wconf 77' lang='lat' dir='ltr'>gravem</span> <span class='ocrx_word' id='word_1_179' title='bbox 779 3270 886 3357; x_wconf 82' lang='lat' dir='ltr'>exigit</span> <span class='ocrx_word' id='word_1_180' title='bbox 903 3269 1079 3356; x_wconf 84' lang='lat' dir='ltr'>aperiuris</span> <span class='ocrx_word' id='word_1_181' title='bbox 1089 3282 1232 3363; x_wconf 70' lang='lat' dir='ltr'>poenam</span> <span class='ocrx_word' id='word_1_182' title='bbox 1240 3296 1274 3338; x_wconf 82' lang='grc' dir='ltr'>ν.</span> <span class='ocrx_word' id='word_1_183' title='bbox 1285 3274 1364 3339; x_wconf 82' lang='grc'><strong>229.</strong></span> 
     </span>
     <span class='ocr_line' id='line_1_24' title="bbox 239 3369 1365 3469; baseline 0.003 -24"><span class='ocrx_word' id='word_1_184' title='bbox 239 3382 301 3445; x_wconf 84' lang='grc'><strong>231</strong></span> <span class='ocrx_word' id='word_1_185' title='bbox 324 3402 391 3467; x_wconf 82' lang='lat' dir='ltr'>seq.</span> <span class='ocrx_word' id='word_1_186' title='bbox 418 3381 561 3467; x_wconf 87' lang='lat' dir='ltr'>denique</span> <span class='ocrx_word' id='word_1_187' title='bbox 589 3369 772 3465; x_wconf 71' lang='grc' dir='ltr'><em>Δυσνομίην</em></span> <span class='ocrx_word' id='word_1_188' title='bbox 793 3381 1028 3469; x_wconf 86' lang='lat' dir='ltr'>perturbatum</span> <span class='ocrx_word' id='word_1_189' title='bbox 1051 3382 1198 3449; x_wconf 84' lang='lat' dir='ltr'>civitatis</span> <span class='ocrx_word' id='word_1_190' title='bbox 1218 3396 1365 3463; x_wconf 86' lang='lat' dir='ltr'>statum,</span> 
     </span>
     <span class='ocr_line' id='line_1_25' title="bbox 237 3490 1366 3582; baseline 0.002 -22"><span class='ocrx_word' id='word_1_191' title='bbox 237 3514 316 3565; x_wconf 87' lang='lat' dir='ltr'>cum</span> <span class='ocrx_word' id='word_1_192' title='bbox 339 3494 392 3559; x_wconf 88' lang='lat' dir='ltr'>ius</span> <span class='ocrx_word' id='word_1_193' title='bbox 410 3504 443 3558; x_wconf 87' lang='lat' dir='ltr'>et</span> <span class='ocrx_word' id='word_1_194' title='bbox 460 3490 510 3561; x_wconf 84' lang='lat' dir='ltr'>sas</span> <span class='ocrx_word' id='word_1_195' title='bbox 530 3495 767 3582; x_wconf 78' lang='lat' dir='ltr'>negliguntur,</span> <span class='ocrx_word' id='word_1_196' title='bbox 791 3506 825 3558; x_wconf 89' lang='lat' dir='ltr'>et</span> <span class='ocrx_word' id='word_1_197' title='bbox 844 3494 926 3558; x_wconf 86' lang='lat' dir='ltr'>huic</span> <span class='ocrx_word' id='word_1_198' title='bbox 947 3496 1126 3563; x_wconf 78' lang='lat' dir='ltr'>necessario</span> <span class='ocrx_word' id='word_1_199' title='bbox 1148 3498 1366 3565; x_wconf 76' lang='lat' dir='ltr'>coniunctam</span> 
     </span>
     <span class='ocr_line' id='line_1_26' title="bbox 231 3591 1367 3701; baseline 0.001 -27"><span class='ocrx_word' id='word_1_200' title='bbox 231 3591 336 3687; x_wconf 75' lang='grc' dir='ltr'><em>’Άτην</em></span> <span class='ocrx_word' id='word_1_201' title='bbox 356 3606 499 3675; x_wconf 71' lang='lat' dir='ltr'>Nonam.</span> <span class='ocrx_word' id='word_1_202' title='bbox 545 3606 585 3679; x_wconf 89' lang='lat' dir='ltr'>In</span> <span class='ocrx_word' id='word_1_203' title='bbox 615 3630 648 3673; x_wconf 88' lang='lat' dir='ltr'>v.</span> <span class='ocrx_word' id='word_1_204' title='bbox 671 3609 736 3675; x_wconf 82' lang='grc'>228</span> <span class='ocrx_word' id='word_1_205' title='bbox 761 3630 813 3675; x_wconf 85' lang='lat' dir='ltr'>res</span> <span class='ocrx_word' id='word_1_206' title='bbox 830 3608 958 3675; x_wconf 81' lang='lat' dir='ltr'>easdem</span> <span class='ocrx_word' id='word_1_207' title='bbox 981 3600 1137 3699; x_wconf 68' lang='grc' dir='ltr'><em>Ἱσμὶνυς</em></span> <span class='ocrx_word' id='word_1_208' title='bbox 1158 3621 1192 3674; x_wconf 89' lang='lat' dir='ltr'>et</span> <span class='ocrx_word' id='word_1_209' title='bbox 1212 3599 1367 3701; x_wconf 65' lang='grc' dir='ltr'><em>Μάχας,</em></span> 
     </span>
     <span class='ocr_line' id='line_1_27' title="bbox 236 3707 1367 3818; baseline 0.005 -32"><span class='ocrx_word' id='word_1_210' title='bbox 236 3710 354 3792; x_wconf 69' lang='grc' dir='ltr'><em>Φόνους</em></span> <span class='ocrx_word' id='word_1_211' title='bbox 372 3732 405 3786; x_wconf 89' lang='lat' dir='ltr'>et</span> <span class='ocrx_word' id='word_1_212' title='bbox 414 3707 683 3808; x_wconf 71' lang='grc' dir='ltr'>Ἀνδρυκτυσὶυν,</span> <span class='ocrx_word' id='word_1_213' title='bbox 703 3720 1272 3818; x_wconf 76' lang='lat' dir='ltr'>diversisnominibuasignificatas,</span> <span class='ocrx_word' id='word_1_214' title='bbox 1284 3727 1367 3812; x_wconf 69' lang='lat' dir='ltr'>pob-</span> 
     </span>
     <span class='ocr_line' id='line_1_28' title="bbox 237 3835 1368 3927; baseline 0.004 -26"><span class='ocrx_word' id='word_1_215' title='bbox 237 3849 289 3914; x_wconf 87' lang='lat' dir='ltr'>ta,</span> <span class='ocrx_word' id='word_1_216' title='bbox 312 3847 362 3901; x_wconf 44' lang='lat' dir='ltr'>*ut</span> <span class='ocrx_word' id='word_1_217' title='bbox 395 3835 539 3901; x_wconf 84' lang='lat' dir='ltr'>diversas</span> <span class='ocrx_word' id='word_1_218' title='bbox 568 3856 739 3922; x_wconf 87' lang='lat' dir='ltr'>personas,</span> <span class='ocrx_word' id='word_1_219' title='bbox 754 3850 757 3855; x_wconf 81' lang='grc'>’</span> <span class='ocrx_word' id='word_1_220' title='bbox 771 3835 929 3913; x_wconf 85' lang='lat' dir='ltr'>induxit,</span> <span class='ocrx_word' id='word_1_221' title='bbox 958 3836 1241 3923; x_wconf 83' lang='lat' dir='ltr'>quemadmodum</span> <span class='ocrx_word' id='word_1_222' title='bbox 1264 3861 1368 3927; x_wconf 84' lang='lat' dir='ltr'>supra</span> 
     </span>
     <span class='ocr_line' id='line_1_29' title="bbox 238 3933 1366 4041; baseline 0.004 -27"><span class='ocrx_word' id='word_1_223' title='bbox 238 3940 345 4037; x_wconf 72' lang='grc' dir='ltr'><em>Μόρον</em></span> <span class='ocrx_word' id='word_1_224' title='bbox 366 3959 401 4013; x_wconf 86' lang='lat' dir='ltr'>et</span> <span class='ocrx_word' id='word_1_225' title='bbox 423 3933 589 4013; x_wconf 69' lang='grc' dir='ltr'>Θάνατον.</span> <span class='ocrx_word' id='word_1_226' title='bbox 612 3945 705 4032; x_wconf 85' lang='lat' dir='ltr'>Quae</span> <span class='ocrx_word' id='word_1_227' title='bbox 726 3939 890 4032; x_wconf 73' lang='grc' dir='ltr'><em>Δυσνυμὶη</em></span> <span class='ocrx_word' id='word_1_228' title='bbox 912 3949 950 4012; x_wconf 72' lang='lat' dir='ltr'>li.</span> <span class='ocrx_word' id='word_1_229' title='bbox 965 3950 1004 4027; x_wconf 90' lang='grc'>1.,</span> <span class='ocrx_word' id='word_1_230' title='bbox 1018 3950 1135 4019; x_wconf 76' lang='lat' dir='ltr'>¹eadem</span> <span class='ocrx_word' id='word_1_231' title='bbox 1155 3950 1242 4041; x_wconf 86' lang='lat' dir='ltr'>apud</span> <span class='ocrx_word' id='word_1_232' title='bbox 1262 3952 1366 4019; x_wconf 87' lang='lat' dir='ltr'>Hom.</span> 
     </span>
     <span class='ocr_line' id='line_1_30' title="bbox 239 4040 1365 4149; baseline 0.004 -22"><span class='ocrx_word' id='word_1_233' title='bbox 239 4059 303 4127; x_wconf 80' lang='lat' dir='ltr'>oa.</span> <span class='ocrx_word' id='word_1_234' title='bbox 320 4061 355 4127; x_wconf 82' lang='grc' dir='ltr'>Ρ.</span> <span class='ocrx_word' id='word_1_235' title='bbox 376 4048 453 4131; x_wconf 68' lang='grc' dir='ltr'>νυν.</span> <span class='ocrx_word' id='word_1_236' title='bbox 469 4072 518 4127; x_wconf 71' lang='lat' dir='ltr'>en</span> <span class='ocrx_word' id='word_1_237' title='bbox 533 4040 639 4149; x_wconf 67' lang='grc' dir='ltr'>ὕβρις,</span> <span class='ocrx_word' id='word_1_238' title='bbox 650 4061 802 4148; x_wconf 72' lang='lat' dir='ltr'>oppono</span> <span class='ocrx_word' id='word_1_239' title='bbox 812 4053 953 4148; x_wconf 63' lang='grc' dir='ltr'>ευομνῃ,</span> <span class='ocrx_word' id='word_1_240' title='bbox 962 4062 1050 4127; x_wconf 75' lang='lat' dir='ltr'>sna</span> <span class='ocrx_word' id='word_1_241' title='bbox 1061 4061 1196 4149; x_wconf 80' lang='lat' dir='ltr'>Hygino</span> <span class='ocrx_word' id='word_1_242' title='bbox 1206 4063 1245 4128; x_wconf 79' lang='lat' dir='ltr'>n</span> <span class='ocrx_word' id='word_1_243' title='bbox 1254 4063 1365 4131; x_wconf 66' lang='lat' dir='ltr'>erne</span> 
     </span>
    </p>

    <p class='ocr_par' dir='ltr' id='par_1_10' title="bbox 93 4155 1364 4378">
     <span class='ocr_line' id='line_1_31' title="bbox 93 4155 1364 4261; baseline 0.005 -27"><span class='ocrx_word' id='word_1_244' title='bbox 93 4157 98 4163; x_wconf 63' lang='grc'><strong>’</strong></span> <span class='ocrx_word' id='word_1_245' title='bbox 125 4208 130 4225; x_wconf 88' lang='lat'><strong>·</strong></span> <span class='ocrx_word' id='word_1_246' title='bbox 238 4172 404 4258; x_wconf 79' lang='lat' dir='ltr'>Superbia.</span> <span class='ocrx_word' id='word_1_247' title='bbox 421 4155 509 4250; x_wconf 76' lang='lat' dir='ltr'>’&#39;Arn</span> <span class='ocrx_word' id='word_1_248' title='bbox 530 4174 574 4261; x_wconf 84' lang='lat' dir='ltr'>(v.</span> <span class='ocrx_word' id='word_1_249' title='bbox 598 4174 676 4259; x_wconf 81' lang='lat'><strong>230)</strong></span> <span class='ocrx_word' id='word_1_250' title='bbox 695 4173 783 4260; x_wconf 72' lang='lat' dir='ltr'>apud</span> <span class='ocrx_word' id='word_1_251' title='bbox 802 4172 987 4241; x_wconf 89' lang='lat' dir='ltr'>Homerum</span> <span class='ocrx_word' id='word_1_252' title='bbox 1006 4174 1047 4240; x_wconf 83' lang='grc' dir='ltr'>ΙΙ.</span> <span class='ocrx_word' id='word_1_253' title='bbox 1069 4175 1108 4241; x_wconf 89' lang='grc' dir='ltr'>Τ.</span> <span class='ocrx_word' id='word_1_254' title='bbox 1130 4177 1184 4243; x_wconf 85' lang='grc'>91.</span> <span class='ocrx_word' id='word_1_255' title='bbox 1208 4175 1297 4244; x_wconf 83' lang='lat' dir='ltr'>lovis</span> <span class='ocrx_word' id='word_1_256' title='bbox 1313 4186 1364 4243; x_wconf 83' lang='lat' dir='ltr'>est</span> 
     </span>
     <span class='ocr_line' id='line_1_32' title="bbox 238 4275 1357 4378; baseline 0.004 -31"><span class='ocrx_word' id='word_1_257' title='bbox 238 4283 309 4349; x_wconf 87' lang='lat' dir='ltr'>filia</span> <span class='ocrx_word' id='word_1_258' title='bbox 320 4285 477 4353; x_wconf 86' lang='lat' dir='ltr'>etabhoc</span> <span class='ocrx_word' id='word_1_259' title='bbox 487 4287 555 4351; x_wconf 89' lang='lat' dir='ltr'>Deo</span> <span class='ocrx_word' id='word_1_260' title='bbox 573 4286 751 4373; x_wconf 85' lang='lat' dir='ltr'>procedens</span> <span class='ocrx_word' id='word_1_261' title='bbox 764 4287 910 4353; x_wconf 83' lang='lat' dir='ltr'>vindicta</span> <span class='ocrx_word' id='word_1_262' title='bbox 926 4276 1060 4375; x_wconf 66' lang='lat' dir='ltr'>dsspeus·</span> <span class='ocrx_word' id='word_1_263' title='bbox 1078 4275 1199 4374; x_wconf 72' lang='lat' dir='ltr'>‘&#39;Opso</span> <span class='ocrx_word' id='word_1_264' title='bbox 1212 4289 1258 4378; x_wconf 84' lang='lat' dir='ltr'>(v.</span> <span class='ocrx_word' id='word_1_265' title='bbox 1266 4285 1357 4373; x_wconf 84' lang='grc'><strong>231.)</strong></span> 
     </span>
    </p>
   </div>
   <div class='ocr_carea' id='block_1_7' title="bbox 0 0 1488 5209">
    <p class='ocr_par' dir='ltr' id='par_1_11' title="bbox 0 0 1488 5209">
     <span class='ocr_line' id='line_1_33' title="bbox 0 0 1488 5209; baseline 0 0"><span class='ocrx_word' id='word_1_266' title='bbox 0 0 1488 5209; x_wconf 95' lang='lat' dir='ltr'> </span> 
     </span>
    </p>
   </div>
  </div>
 </body>
</html>
