2967 5209
255 471 328 546 31111
687 488 926 543 damnumve

253 669 287 737 2.
310 672 342 736 3.
363 667 403 736 Ε.
428 670 506 735 905.
550 667 646 733 Teste
674 680 786 734 autem
811 667 970 734 Pausania
984 667 1028 733 11.
1056 662 1384 751 13.‚01enLyeius
1445 702 1446 755 q

133 852 137 859 ,
252 781 391 871 Hymno
420 782 459 848 in
479 780 642 847 Iunonem
662 792 753 846 ortos
772 781 909 869 quidem
935 780 999 845 hac
1020 778 1202 845 tradiderat
1231 776 1383 842 Martem
1445 776 1446 779 ’

251 904 350 981 atque
372 892 502 972 Heben,
526 915 597 959 non
618 915 697 959 vero
720 892 916 972 Ilithuiam,
942 914 1044 980 quam
1065 914 1124 957 suo
1143 891 1182 956 in
1201 898 1276 955 eain
1299 888 1382 976 Hy·

251 1028 335 1074 runo
365 1007 421 1072 vel
451 1003 562 1072 Crono
587 1004 811 1091 antiquiorem
838 1016 873 1070 et
902 1004 1036 1074 Amoris
1064 1015 1209 1069 matrem
1232 999 1380 1077 fecerat,

252 1130 335 1185 teste
358 1117 441 1183 item
467 1117 625 1182 Pausania
646 1117 739 1186 VIII.
760 1119 813 1184 21.
838 1116 897 1184 IX.
917 1118 983 1195 27,
1006 1137 1108 1204 quem
1128 1115 1205 1182 vide
1228 1113 1335 1179 etiam
1352 1112 1378 1178 1.

256 1232 321 1310 18„
344 1253 389 1297 ex
406 1252 473 1318 qno
500 1230 573 1295 loco
594 1230 750 1318 colligas,
770 1229 951 1296 Hesiodum
975 1229 1032 1295 hic
1053 1227 1265 1296 Cretensium
1288 1248 1380 1291 secu·

252 1355 329 1409 tum
359 1364 425 1409 esse
451 1341 679 1408 traditionem.
734 1343 835 1430 Apud
860 1341 1046 1408 Homerum
1073 1341 1115 1408 11.
1145 1339 1173 1405 Ῑ.
1198 1341 1261 1406 119
1289 1359 1378 1425 seqq.

252 1456 337 1521 item
351 1454 392 1522 Η.
413 1445 453 1521 in
465 1457 529 1542 Ap.
545 1456 608 1521 197
628 1476 715 1542 seqq.
736 1456 905 1521 duntaxat
923 1453 1070 1520 obnoxia
1090 1452 1214 1518 Iunoni
1235 1449 1379 1517 Ilithuia

253 1565 473 1656 significatur.
497 1563 559 1632 Sed
578 1578 744 1632 memorat
762 1567 853 1632 idem
873 1568 987 1654 plures
1005 1565 1161 1631 Ilithuias
1180 1564 1221 1630 11.
1237 1563 1281 1629 Λ.
1301 1565 1377 1631 279.

250 1682 318 1767 seq.
342 1690 375 1745 et
395 1678 443 1745 sic
463 1678 658 1744 colebantur
679 1677 832 1765 Megaris.
853 1677 933 1745 Vid.
959 1678 1097 1743 Pausan.
1122 1675 1151 1741 Ι.
1175 1676 1228 1742 tt.
1275 1673 1380 1741 Hebes

252 1791 435 1880 praecipua
445 1791 566 1879 religio
576 1788 646 1856 fuit
658 1789 831 1858 Phliunte.
843 1789 922 1859 Vid.
936 1790 1074 1856 Pausan.
1089 1788 1134 1856 ΙΙ.
1148 1790 1200 1856 12.
1218 1788 1379 1855 Ilithuiae

253 1903 410 1993 frequens
437 1927 498 1994 per
526 1926 664 1971 omnem
686 1902 861 1971 Graeciam
883 1904 1005 1970 cultus.
1031 1903 1109 1971 Vid.
1134 1902 1225 1968 idem
1254 1901 1301 1966 Π.
1326 1901 1375 1967 22.

255 2020 311 2085 at
335 2017 565 2086 V1.20.V1L
586 2018 641 2084 22.
664 2016 758 2085 VIII.
783 2018 837 2085 48.
880 2014 977 2103 Quod
995 2016 1130 2104 physici
1147 2027 1282 2095 veteres,
1300 2037 1378 2103 quoe

253 2140 439 2219 sequnntur
453 2128 567 2195 SohoI.
581 2129 675 2196 adh.
690 2130 716 2197 1.
739 2110 774 2194 et
792 2128 940 2198 Eudccia
953 2110 1092 2217 p.⁸206.,
1103 2139 1248 2193 matrem
1264 2127 1375 2204 Habes,

254 2244 391 2323 Martis,
415 2243 592 2323 Ilithuiae,
616 2242 780 2309 Iunonem
802 2243 828 2309 i.
851 2265 880 2309 e.
907 2245 1017 2308 a'erem
1041 2241 1256 2330 interpretati
1282 2250 1376 2316 sunt,

253 2358 293 2424 in
313 2355 444 2423 Deabus
464 2356 613 2444 aliquam
637 2356 709 2422 veri
722 2355 865 2444 speciem
879 2354 997 2434 habet,
1011 2376 1090 2420 cum
1105 2354 1222 2442 utique
1238 2352 1281 2418 ab
1297 2352 1378 2419 aeris

216 2478 219 2483 ’
254 2480 332 2559 apta
354 2469 517 2556 temperie
538 2468 719 2555 procedant
739 2479 900 2556 partuum
924 2466 1068 2533 felicitas
1090 2478 1124 2532 et
1142 2478 1304 2532 natorum
1323 2466 1376 2531 vi-

254 2560 325 2668 gor.
378 2578 442 2645 Sed
474 2580 512 2645 in
540 2579 647 2646 Marte
675 2560 809 2645 nullam
837 2578 1049 2667 probabilem
1077 2579 1245 2645 rationem
1268 2578 1375 2645 habet.

256 2693 329 2760 Imo
352 2691 454 2759 inisse
475 2692 616 2780 mytilus
637 2691 694 2757 hio
716 2692 852 2758 videtur
872 2692 1026 2758 bellicosi
1047 2692 1181 2781 populi,
1201 2692 1273 2778 qui,
1293 2713 1377 2756 sum·

207 2786 210 2793 ¹
255 2828 329 2872 mos
350 2807 439 2873 Deos
454 2806 569 2872 Iovem
588 2827 625 2869 ao
644 2804 809 2870 Iunonem
820 2827 1005 2893 agnoscens,
1024 2805 1086 2870 hos
1098 2804 1277 2870 crediderit
1296 2804 1379 2870 bello

255 2922 398 3009 populos
427 2919 656 2996 committere,
688 2917 750 2984 bos
778 2918 817 2984 iu
836 2917 927 2985 bello
951 2918 1116 3011 virtutem
1137 2941 1174 2985 ac
1202 2938 1379 2984 wrcesscm

254 3034 353 3112 dare,
376 3032 439 3098 hos
462 3033 566 3100 etiam
590 3032 631 3097 ad
654 3030 784 3098 bellum
804 3032 924 3121 populi
942 3033 1029 3099 vires
1047 3034 1136 3099 alere
1155 3032 1380 3121 promovendo

256 3158 418 3235 partuum
431 3145 640 3224 felicitatem,
661 3144 845 3232 floremque
864 3156 899 3211 at
911 3145 1058 3234 vigorem
1071 3147 1268 3214 iuventutis.
1285 3142 1379 3214 Confi

251 3242 348 3349 ”epp
372 3261 448 3326 111.
461 3259 550 3323 aaz.
573 3258 730 3337 Romani,
750 3258 928 3325 1111111111
944 3259 983 3325 in
999 3259 1122 3346 primis
1131 3262 1288 3349 populus,
1307 3280 1380 3326 oum

259 3372 367 3439 Marte
397 3372 482 3439 item
511 3371 727 3437 Iuventatem
757 3371 859 3436 Deam
890 3383 925 3436 et
955 3370 1118 3440 lunonem
1141 3372 1307 3439 Lucinam
1331 3395 1379 3438 oc·

258 3487 409 3553 luerunt.

303 3735 338 3781 v.
359 3711 425 3780 922
447 3711 530 3777 citat
553 3709 738 3781 Scholiasta
758 3711 896 3777 Pindari
913 3712 952 3777 ad
970 3712 1064 3779 Nem.
1083 3711 1159 3780 VII.
1185 3716 1228 3793 1,
1247 3712 1321 3791 ubi,
1337 3733 1379 3777 se-
1413 3734 1415 3739 ’

259 3827 410 3894 eundum
431 3824 629 3902 Hesiodum,
655 3827 754 3913 poeta
773 3825 878 3892 Hebes
905 3838 939 3892 et
957 3827 1134 3908 Ilithuiae,
1156 3840 1197 3893 ut
1213 3848 1379 3908 sororum,

260 3940 430 4007 meminit.

305 4172 361 4234 vt.
383 4166 570 4233 924-926.
608 4167 661 4233 Ex
693 4165 799 4254 ipsius
828 4166 977 4255 supremi
1004 4168 1065 4235 Dei
1089 4169 1197 4257 capite
1219 4181 1297 4234 nata
1319 4169 1377 4234 Dea

261 4279 457 4369 sapientiae,
491 4280 688 4387 praesertim
713 4278 851 4348 bellicae
881 4279 1100 4371 (19261111.
1125 4281 1225 4351 cons.
1249 4268 1299 4349 se.
1323 4281 1376 4346 191
