2967 5209
480 464 512 510 ιιι
537 463 663 513 usstotu
688 465 900 517 rusocouur.
1186 439 1255 516 137

122 656 229 720 quam
245 633 442 701 scholiastes
459 635 520 701 ille
536 635 631 715 dicit,
650 638 687 703 in
700 635 894 725 Theogonis
912 659 982 703 non
998 648 1118 716 exstat,
1136 660 1254 725 quam-
1336 672 1349 693 ,-

123 745 177 810 vis
197 746 234 811 id
250 748 397 813 adserere
417 748 521 813 etism
535 749 720 836 Hesychius
739 750 896 844 videatur
914 749 969 817 his
988 749 1114 818 verbis:
1132 739 1255 819 Ἵππου

122 847 244 945 κρήνης·
269 853 327 939 τῆς
351 847 384 927 ἓν
408 849 456 949 τῷ
480 854 634 944 Ἑλικῶνι,
659 851 730 945 ἥτις
756 851 930 949 ὠνομάσθη
955 852 1024 929 airh
1049 863 1112 929 τοῦ
1132 851 1257 952 Πηγά-

120 989 187 1036 σου
210 957 342 1056 ἰ’ττον,
367 962 400 1044 tc
425 960 570 1057 δίψησαο
595 969 729 1064 ἔκρουσε
754 967 811 1057 τὴν
837 970 900 1066 γῆν
924 971 966 1065 τη
988 968 1088 1064 ὁπλῇ·
1109 965 1180 1057 ηδε
1203 968 1257 1058 την

119 1072 233 1173 σάγην
258 1073 381 1165 αἰνηιιεν·
407 1075 557 1161 Ἡσίοδος
581 1076 614 1154 ἓν
638 1083 681 1176 τῇ
707 1081 882 1181 Θεογονίᾳ.
929 1088 976 1156 At
995 1111 1074 1158 vero
1094 1088 1132 1153 in
1147 1088 1256 1154 Thec-

119 1198 244 1286 gonia,
260 1218 363 1285 quam
383 1202 596 1288 superstitem
614 1202 792 1282 habemus,
816 1204 881 1268 hoc
900 1225 969 1268 uno
990 1202 1064 1267 loco
1086 1223 1257 1267 memora·

119 1324 183 1376 tur
195 1298 320 1379 ‘'turov
347 1299 457 1399 κρήνη,
487 1313 545 1379 ubi
575 1337 652 1381 sane
677 1317 733 1382 illi
757 1316 919 1381 historiae
948 1316 1042 1381 locus
1070 1336 1139 1385 non
1166 1325 1255 1380 erat:

120 1449 232 1514 neque
248 1426 354 1514 magis
367 1429 579 1494 commodam
600 1433 632 1495 ei
649 1432 759 1496 sedem
770 1430 916 1520 reperias
931 1431 969 1495 in
982 1430 1154 1496 mentione
1170 1427 1259 1503 facta

120 1537 235 1627 Pegasi
258 1538 324 1603 Th.
359 1562 392 1605 v.
422 1541 498 1618 281,
532 1541 597 1607 284
620 1564 707 1629 seqq.
733 1564 767 1609 ν.
790 1543 875 1621 325,
904 1552 963 1606 eut
989 1540 1055 1606 aliu
1080 1540 1258 1629 superstite

120 1650 234 1717 adhuc
249 1651 409 1716 carminis
425 1663 531 1741 parte.
564 1651 787 1719 Statuendum
804 1652 921 1742 igitur,
943 1652 997 1718 vel
1009 1649 1111 1717 fuisse
1128 1673 1201 1717 eam
1218 1652 1258 1719 in

121 1762 292 1852 Catalogis
317 1764 529 1853 Theogoniae
555 1763 711 1831 subiectis
732 1765 929 1847 historiam,
954 1786 1076 1851 ecque,
1098 1775 1139 1830 ut
1160 1764 1258 1830 Arcti

120 1872 356 1956 Scholiastam,
377 1876 425 1941 ita
445 1876 651 1966 Hesychium
667 1878 858 1968 respexisse,
876 1877 930 1944 vel
948 1888 983 1943 et
996 1876 1089 1942 hunc
1102 1886 1136 1940 et
1151 1876 1257 1941 illum
1330 1853 1334 1862 .

119 1988 243 2087 aliene·
255 1988 412 2055 tribuisse
430 1989 581 2056 Hesiodo.

165 2237 201 2282 τ.
221 2219 252 2281 5.
273 2215 311 2280 in
332 2202 553 2301 λοεσσάμενοι
574 2202 688 2302 τέρενα
709 2205 802 2305 χροά
822 2208 1030 2302 Περμησσοῖο
1052 2214 1255 2280 constructio

9 2403 10 2412 ρ
119 2326 254 2395 obtinet
272 2340 426 2395 consueta
443 2330 485 2395 de
505 2328 560 2409 iis,
577 2329 637 2416 qui
655 2328 803 2394 ubertim
822 2328 860 2394 in
878 2329 977 2407 mari,
999 2329 1084 2406 lacu,
1100 2326 1254 2406 flumine,

118 2441 217 2508 fonte
235 2444 403 2511 lavantur.
428 2442 484 2510 Sic
501 2444 540 2509 in
561 2441 606 2511 fr.
628 2442 763 2510 Hesiodi
781 2442 871 2532 apud
888 2441 1042 2508 Strshon.
1060 2441 1118 2510 IX.
1131 2464 1164 2530 p.
1176 2441 1253 2507 640.

119 2541 264 2638 Νίφατο
289 2543 464 2640 Βοιβιάδος
488 2549 602 2642 λίμνης
625 2544 717 2623 πόδα
741 2543 899 2645 παρθένοι
924 2542 1043 2641 uiduis·
1082 2551 1182 2623 Conf.
1210 2555 1253 2621 Il.

51 2760 56 2769 s
119 2670 160 2736 Ε.
181 2671 214 2737 6.
233 2671 268 2735 Ζ.
291 2673 366 2736 608.
388 2693 538 2758 quaeque
556 2670 656 2737 hahet
675 2668 983 2759 Bernhardy'Sy'nt.
998 2668 1058 2752 Gr.
1071 2668 1111 2735 L.
1124 2691 1158 2758 p.
1174 2669 1255 2736 168.

11 2852 15 2867 ,
119 2783 188 2849 Pro
217 2769 331 2869 τέρενα
358 2772 449 2873 χρόα
478 2784 680 2851 variationes
713 2783 930 2851 Scholicrum
963 2782 1005 2847 ud
1038 2803 1072 2849 v.
1103 2784 1136 2850 2.
1165 2770 1257 2871 χρόα

11 2948 12 2957 ,
120 2888 222 2961 καλόν
253 2895 290 2960 in
322 2894 479 2964 Cantabr.
511 2886 645 2963 ἄσαλον
668 2887 761 2987 χρόα
789 2897 827 2963 in
855 2898 959 2976 Vem,
988 2907 1067 2962 sunt
1094 2895 1255 3003 eglossis.

121 3006 222 3077 conf.
245 3006 359 3075 Schol.
379 3009 421 3075 ed
437 3009 474 3077 h.
494 3033 527 3077 v.
551 3033 588 3077 ac
603 3010 773 3079 Muctuell.
792 3033 826 3099 p.
848 3013 925 3075 870.

167 3259 201 3302 v.
224 3238 255 3301 7.
278 3235 428 3324 respexit
445 3219 617 3303 Maximus
636 3236 758 3323 Tyrius
767 3233 851 3301 Diss.
864 3233 1037 3304 XXXVII.
1052 3237 1082 3299 5.
1107 3228 1255 3322 Οὐρανοῦ

120 3337 302 3437 τεριφοραν
321 3336 513 3436 σοι’ριριετρον
539 3338 598 3415 καὶ
613 3334 773 3434 μουσικὴν
792 3347 851 3414 hic
872 3333 1072 3414 αἰνίττεσθαι
1084 3347 1253 3436 opinatus.

123 3463 204 3529 Loci
224 3461 328 3528 huius
353 3463 542 3528 recordatus
564 3461 667 3529 etiam
689 3460 826 3528 Proclus
849 3459 956 3551 praef.
980 3460 1055 3527 Hes.
1083 3483 1117 3548 p.
1146 3461 1177 3527 4.
1201 3461 1252 3525 13.

125 3576 177 3640 14.
204 3586 239 3639 et
258 3573 300 3639 ad
316 3554 410 3662 ’'Epy.
439 3597 472 3644 v.
499 3578 529 3642 1.
549 3598 583 3664 p.
610 3575 665 3640 24.
695 3576 747 3641 12.
794 3573 842 3642 Ac
863 3572 1048 3653 nifallor,
1082 3573 1185 3639 etiam
1210 3569 1254 3636 ob

121 3686 204 3753 haec
222 3687 391 3766 Hesiodea,
405 3684 574 3754 Cornutus
585 3712 613 3754 c.
628 3690 685 3754 14:
708 3674 743 3753 ἐν
760 3674 800 3755 dh
817 3679 885 3758 τοῖο
901 3676 987 3773 iperi
1005 3680 1095 3771 Φασι
1107 3677 1255 3774 χορεύειν

123 3788 206 3888 (τοις
229 3787 398 3886 Μούσας).

167 4049 201 4092 v.
224 4029 256 4092 8.
289 4013 512 4115 ἐπερρώσαντο
534 4012 569 4094 δὲ
589 4018 710 4091 τοσσίν
730 4022 918 4113 respiciunt
939 4021 1053 4093 schol.
1081 4021 1121 4091 A.
1149 4022 1187 4087 ad
1210 4023 1252 4090 Il.

123 4138 165 4203 Ω.
193 4139 270 4207 614.
293 4137 405 4206 Schol.
423 4138 512 4209 Vict.
539 4138 622 4211 ibid.
642 4140 684 4205 cd
701 4163 734 4207 v.
760 4139 835 4204 616.
882 4136 964 4207 Vim
987 4134 1099 4216 verbi,
1124 4159 1142 4201 a
1163 4125 1254 4220 p‘tiot,

122 4237 246 4337 p‘tiolaoes
268 4251 378 4332 ducti,
395 4250 477 4318 bene
492 4252 560 4317 iam
576 4251 727 4338 Guyetus
747 4250 847 4339 cepit,
863 4272 1033 4339 exponens
1057 4236 1254 4339 ὠρχήσαντο
