2967 5209
439 510 443 519 .
488 475 521 521 111
547 472 672 522 hesrom
695 473 911 521 rusocounu.
1109 488 1115 501 ·
1147 538 1151 547 .
1195 444 1264 519 187

134 648 188 735 agi
221 635 273 712 ἐπ’
291 629 429 734 ’Ἔρεβος
453 637 510 711 καὶ
534 635 624 718 Χάος
647 635 706 712 διὰ
729 638 927 734 Ταρτάρου,
950 646 1037 733 quod
1064 627 1268 732 0101111Ἐρε·

133 751 199 844 βπ
221 771 255 824 et
276 746 385 841 Χάος,
407 759 432 827 i.
463 782 492 825 e.
522 784 598 849 pars
626 761 797 849 primaevi
817 758 903 827 Chai
924 759 1068 826 inferior
1085 762 1177 826 ultra
1199 760 1270 824 sive
1363 748 1368 767 ⁸

132 871 227 937 iufra
237 872 429 939 Tartarum.
453 870 668 961 Superiorem
677 871 764 940 Chai
773 885 906 961 partem
916 874 1099 939 memorari
1107 874 1218 940 rideas
1229 873 1269 937 in

132 983 260 1073 fragm.
288 1007 332 1050 ex
352 986 526 1074 Euripidis
550 985 676 1055 Cadmo
703 987 793 1074 apud
816 984 963 1051 Probum
984 986 1024 1051 ad
1045 986 1170 1074 virgil.
1195 986 1268 1052 Ecl.

133 1095 198 1162 VI.
224 1097 278 1162 31.

180 1208 230 1276 Vt
256 1209 467 1275 coniunctim
496 1210 533 1275 h.
557 1211 582 1276 l.
606 1192 1147 1297 1110111011111111Χάος,”Ερεβος,
1172 1200 1272 1291 Νὺξ,

135 1322 186 1387 ita
209 1323 296 1410 apud
315 1321 416 1389 Ovid.
437 1323 517 1389 Met.
538 1323 631 1389 XIII.
659 1325 735 1390 414.
762 1324 883 1392 Circen
903 1336 1140 1389 convocantem
1160 1323 1273 1389 videas

137 1435 271 1501 Noctem
300 1436 472 1526 Noctisque
492 1437 578 1502 Deos
598 1438 765 1527 Ereboque
795 1438 962 1527 Chaoque,
988 1436 1271 1524 quemadmodum

140 1547 242 1612 etiam
252 1548 451 1638 Erebumque
472 1549 636 1639 Chaosque
650 1551 797 1616 iunctim
819 1563 858 1616 ut
872 1552 956 1616 Deos
968 1560 1135 1615 memorat
1145 1549 1271 1637 virgil,

141 1656 225 1725 Aen.
246 1658 307 1728 IV·
327 1660 401 1727 510.
425 1658 525 1727 Conf.
550 1671 584 1726 et
604 1662 665 1730 Vl.
689 1664 766 1730 265.

185 1906 218 1951 v.
246 1886 309 1949 124
341 1896 474 1972 praeter
501 1885 710 1968 Cornutum,
739 1888 940 1977 Origenem,
972 1889 1206 1977 Theophilum
1233 1891 1273 1956 ll.

137 2023 186 2064 cc.
206 1997 314 2065 citant
331 1998 533 2065 Ammonius
552 2022 584 2065 v.
608 1991 731 2088 ἡμέρα,
754 2003 906 2089 Etymol.
931 2001 976 2068 M.
1002 2025 1036 2090 p.
1063 2003 1138 2067 429.
1154 2003 1196 2067 25
1207 2025 1273 2089 seq.

140 2110 255 2179 Schol.
278 2112 419 2181 Vratisl.
439 2113 479 2178 ad
503 2113 599 2179 Pind.
621 2113 679 2180 Ol.
701 2114 745 2180 II.
767 2119 822 2180 58.
844 2114 998 2180 Eustath.
1018 2135 1052 2201 p.
1069 2116 1166 2179 1527.
1185 2120 1240 2182 55.

185 2226 262 2290 Esse
290 2215 448 2311 Ἦμέρην,
480 2249 584 2314 quam
613 2227 669 2295 hic
699 2228 802 2294 Nocte
821 2228 970 2316 genitam
990 2228 1074 2292 dicit
1093 2227 1272 2307 Hesiodus,
1321 2286 1324 2295 .

34 2368 39 2383 ·
139 2327 180 2402 rb
205 2322 382 2421 111011111μο
405 2328 500 2424 μόνον
521 2326 720 2424 ἀσώματον,
741 2363 920 2430 perperam
934 2342 1083 2406 statuisse
1094 2342 1275 2407 censendus
1309 2338 1315 2345 ’

138 2462 189 2515 est
220 2451 422 2516 Ammonius
442 2453 468 2517 l·.
490 2475 519 2517 c.
545 2453 573 2517 si
600 2475 694 2519 mens
722 2454 793 2519 eins
824 2455 905 2520 haec
932 2452 1019 2534 fuit,
1047 2457 1182 2543 po'etam
1210 2455 1276 2520 sibi

137 2562 241 2628 illam
262 2563 346 2628 citra
364 2564 501 2630 divinae
520 2588 678 2653 personae
697 2569 873 2634 notionem
893 2566 1101 2635 informasse.
1140 2570 1275 2634 Rectius

139 2678 255 2763 Etym.
285 2677 332 2742 M.
361 2677 389 2742 l.
414 2700 442 2742 c.
467 2665 617 2749 ‘Hesiodus
642 2671 884 2765 σωματοποιῶν
907 2673 1013 2769 λέγει·
1040 2674 1216 2753 Nvurbc
1241 2669 1272 2748 δ’

140 2772 235 2854 αὖτ’
259 2774 385 2876 Αἰθήρ
411 2806 458 2852 τε
483 2809 515 2854 κ.
541 2782 631 2876 Ἣρι.
658 2780 768 2881 ἒξεγ.
816 2795 897 2860 Fuit
915 2793 1018 2859 etiam
1036 2795 1276 2882 posterioribus

140 2901 283 2968 Hesiodo
307 2911 378 2965 tam
400 2890 522 2988 Ἡμέρη
544 2903 611 2969 Dea
642 2903 774 2984 habita,
798 2928 901 2993 quam
925 2895 1019 2978 'Hes
1050 2908 1129 2974 Vid.
1154 2909 1275 2974 Pausa-

140 3016 215 3082 nias
238 3016 265 3081 1.
290 3021 321 3083 3.
345 3039 399 3106 pr.
423 3016 465 3084 V.
492 3019 545 3082 22.
571 3022 589 3105 §
613 3020 644 3084 2.

185 3263 219 3307 v.
249 3241 312 3306 125
335 3252 444 3307 exstat
464 3243 553 3330 apud
575 3242 826 3331 Theophilum,
850 3244 991 3308 omissus
1013 3255 1062 3309 est
1085 3244 1175 3332 apud
1192 3243 1276 3310 Ori-

139 3375 276 3440 genem,
310 3353 394 3419 item
431 3355 471 3420 in
500 3356 583 3421 serie
614 3378 773 3421 versuum
806 3356 940 3422 Hesiodi
973 3357 1062 3446 apud
1084 3356 1276 3426 Cornutum

119 3453 174 3556 p.
198 3470 274 3533 173.
294 3467 355 3555 qui
378 3491 485 3557 neque
502 3469 573 3558 ipse
596 3469 766 3558 agnovisse
783 3492 862 3535 eum
888 3471 1040 3550 videtur,
1062 3470 1114 3535 bis
1130 3482 1276 3536 matrem

139 3578 312 3660 Aetheris,
346 3593 381 3646 at
405 3605 475 3648 non
497 3594 630 3671 patrem
659 3606 850 3649 memorans
869 3582 954 3651 ibid.
976 3595 1009 3648 et
1030 3607 1064 3672 p.
1093 3586 1168 3649 174.
1214 3582 1293 3649 Sed·
1385 3580 1389 3593 ’

139 3693 304 3759 meritum
324 3693 422 3760 Nocti
443 3696 592 3761 Erebum
614 3695 775 3761 tribuunt
796 3708 910 3761 tamen
927 3697 1029 3761 etiam
1048 3695 1165 3763 Cicero
1186 3696 1226 3760 de
1234 3697 1274 3761 N.

141 3807 181 3873 D.
207 3808 267 3875 IlI.
293 3809 345 3874 17.
371 3820 404 3872 et
426 3808 581 3897 Hyginus
602 3812 642 3875 in
664 3809 772 3876 Praei.

184 3920 261 3986 Post
291 3922 384 3986 hunc
413 3943 549 3989 versum
579 3922 671 3987 nihil
695 3925 802 3988 deesse
823 3934 856 3986 et
876 3947 936 3988 nos
956 3923 1126 4010 integrum
1153 3923 1276 3991 habere

141 4032 339 4099 Hesiodeum
374 4034 521 4099 Deorum
550 4057 593 4099 ex
616 4034 836 4123 Cosmogonia
855 4057 1028 4100 recensum
1048 4036 1201 4124 equidem
1223 4060 1276 4100 ar·

140 4143 250 4210 bitror
268 4168 345 4210 cum
370 4147 565 4213 Muetzellio
587 4171 621 4235 p.
644 4149 731 4227 404„
759 4171 865 4236 neque
882 4149 988 4237 magis
1009 4173 1112 4237 quam
1132 4151 1193 4215 ille
1212 4172 1297 4214 au-·

142 4258 304 4323 ctoritatis
329 4260 455 4346 aliquid
479 4261 593 4327 tribuo
620 4262 708 4327 hisce
729 4263 841 4329 Nonni
866 4264 900 4326 in
923 4262 1112 4329 Commenl.
1137 4265 1177 4329 ad
1194 4264 1278 4330 Gre-
