2967 5209
477 482 508 527 m
533 482 658 529 ursioni
683 483 897 531 rnroeonnn.
1190 461 1262 535 223

71 694 75 699 ·
182 675 213 718 v.
232 653 296 717 217
317 661 351 717 et
371 651 437 718 duo
463 663 632 740 sequentes
647 652 814 742 profestos
835 675 901 721 esse
921 656 962 721 ab
976 657 1132 737 Hesiodo,
1152 659 1262 725 inter·

132 764 281 853 polatori
305 776 418 830 autem
438 765 550 835 deberi
574 789 685 834 versus
700 768 888 848 eos-906,
906 771 1025 835 statuit
1040 770 1264 837 Ruhnkenius

132 879 198 965 Ep·
226 877 310 946 Crit.
335 876 362 947 I.
380 902 418 967 p.
442 881 494 944 91.
542 879 621 946 Vise
641 879 743 949 etiam
766 879 900 968 Heynio
921 881 962 946 ad
983 882 1142 970 Apollod.
1162 884 1262 952 1.111.

135 994 166 1055 1.
180 991 395 1079 mythologie
418 991 456 1056 11.
479 992 504 1058 l.
524 992 648 1061 tradita
667 992 855 1080 antiquior,
879 993 1024 1081 adeoque
1051 993 1192 1062 Hesiodo
1212 996 1265 1061 di-

130 1102 243 1191 gnior,
266 1104 353 1189 quod
374 1102 539 1169 iudicium
555 1104 641 1183 eius,
668 1120 708 1193 ut
722 1105 819 1193 prior
840 1105 1039 1193 Apollodori
1059 1105 1163 1173 editio
1177 1131 1265 1174 anno

136 1216 224 1280 1782
245 1213 348 1295 foeta,
373 1215 422 1281 ita
441 1217 545 1282 altera
566 1216 667 1282 habet
689 1238 777 1283 anno
799 1218 885 1283 1808
912 1219 1059 1306 vulgata.
1105 1218 1266 1285 Attamen

132 1328 238 1414 paulo
265 1340 341 1417 post
363 1328 513 1417 priorem
536 1329 719 1397 editionem
746 1328 871 1395 factam
892 1330 963 1419 ipse
985 1333 1086 1398 aliter
1111 1342 1265 1399 senserat.

132 1440 284 1528 Namque
300 1440 339 1509 in
362 1443 425 1531 Ep.
448 1441 489 1507 ad
510 1441 698 1522 Wolfium,
721 1445 918 1510 annones
940 1445 1080 1533 scripta,
1109 1442 1266 1510 dubitare

129 1577 171 1621 se
197 1556 258 1636 ait,
291 1581 334 1623 an
362 1581 419 1625 vv.
449 1559 626 1624 217-219
656 1556 697 1625 ab
721 1557 863 1624 Hesiodo
890 1557 1034 1646 profecti
1059 1559 1146 1638 sint,
1174 1558 1265 1646 quod

132 1681 352 1756 praecesserat
377 1661 484 1759 Mo‘pos
516 1684 551 1739 et
578 1662 664 1759 Κῆρ,
685 1693 784 1738 versu
806 1671 870 1735 217
898 1669 1126 1736 subiiciuntur
1146 1664 1265 1759 Μοῖραι

80 1806 87 1818 1
130 1790 169 1846 et
190 1773 286 1867 Κῆρες
307 1783 441 1850 serioris
460 1785 589 1874 ingenii
608 1782 717 1851 foetus
735 1795 770 1851 et
790 1776 910 1872 Μοῖραι
926 1793 1159 1848 memorantur
1173 1780 1265 1848 infm

130 1915 168 1961 v.
195 1896 260 1961 904
290 1916 333 1961 ex
363 1897 441 1981 Iove
470 1909 584 1977 natae,
610 1909 644 1961 nt
663 1896 763 1975 odeo,
785 1897 913 1985 inquit,
935 1892 1044 1959 nun'e
1064 1894 1137 1959 illos
1158 1918 1266 1960 versus

130 2007 272 2097 relinqui
299 2010 427 2090 malim,
466 2032 559 2098 quom
588 2033 661 2090 eos,
694 2017 749 2097 qui
769 2008 821 2072 dic
845 2014 957 2072 inserti
974 2017 1067 2086 sunt,
1090 2006 1150 2073 ubi
1175 2006 1266 2073 illud

130 2143 217 2183 nuno
236 2119 451 2187 referendum
471 2134 520 2188 est
539 2122 580 2187 sd
599 2120 801 2187 sententiam
825 2130 920 2185 antea
942 2117 983 2183 ab
1004 2118 1078 2206 ipso
1097 2118 1138 2184 ad
1160 2116 1265 2206 Apol·

129 2233 293 2299 lodorum
324 2235 506 2323 proditam.
552 2233 639 2301 Heeo
671 2245 785 2300 autem
807 2231 971 2301 sententia
998 2253 1077 2297 cum
1098 2231 1201 2297 etiam
1226 2231 1265 2297 in

128 2348 240 2412 altera
263 2349 467 2436 Apollodori
489 2348 635 2414 editione
651 2357 773 2427 exstet,
792 2330 944 2435 adparet,
965 2345 1139 2434 Heynium
1152 2356 1264 2434 postea

129 2461 176 2526 ad
194 2461 293 2527 illam
310 2461 464 2541 rediisse,
487 2461 640 2549 quamvis
668 2471 827 2527 manente
846 2461 898 2536 ei,
926 2470 966 2524 ut
991 2458 1041 2525 ibi
1064 2456 1181 2524 fassus
1196 2468 1262 2535 est,

132 2575 294 2662 scrupulo
315 2574 359 2641 ob
372 2586 559 2641 memorata
573 2574 636 2641 vix
653 2573 785 2641 diversa
801 2570 841 2638 in
862 2595 893 2641 v.
910 2573 987 2639 211.
1008 2581 1043 2638 et
1055 2594 1089 2639 v.
1109 2574 1186 2638 217.
1199 2594 1263 2636 nu-

104 2687 239 2757 ·mine.
286 2686 349 2754 Sed
370 2689 408 2754 in
438 2686 540 2754 Sento
569 2663 699 2775 quoque
720 2688 852 2754 v..156.
883 2674 963 2762 ὀλοὴ
983 2674 1067 2771 idq,
1087 2685 1208 2751 deinde
1229 2708 1263 2750 v.

131 2800 200 2864 248
219 2822 282 2886 seq.
306 2801 420 2888 plures
442 2794 540 2889 Κῆρες
561 2811 808 2881 memorantem
832 2810 873 2864 ut
892 2798 1053 2863 similiter
1074 2799 1164 2888 apud
1181 2799 1264 2864 alios

130 2913 258 2978 diversi
286 2913 355 2978 Pan
381 2925 415 2977 et
438 2914 555 2991 Panes,
589 2911 719 3001 Cupido
751 2922 784 2977 et
811 2910 1006 2999 Cupidines.
1053 2910 1143 2976 Tum
1171 2910 1264 2975 haud

130 3025 235 3091 dubie
255 3025 379 3103 diversi
404 3038 485 3091 sunt
505 3019 611 3114 Μέρος
633 3037 668 3091 et
687 3018 818 3111 Μοῖραι.
864 3023 928 3089 Pro
954 3021 1131 3087 retinendo
1152 3033 1263 3088 autem

129 3129 260 3227 Melpo
279 3138 316 3206 h.
341 3141 367 3207 l.
399 3140 572 3207 mentione
596 3136 678 3205 facit
700 3136 821 3215 etism,
843 3135 932 3224 quod
955 3134 1047 3222 apud
1067 3132 1263 3201 Ciceronem

130 3254 159 3318 1.
178 3275 207 3319 o.
218 3251 372 3319 Aetheris
390 3276 426 3319 ec
444 3254 521 3319 Diei
539 3274 675 3331 sorores,
692 3252 805 3339 itaque
823 3249 937 3317 Noctis
953 3248 1056 3329 filiae,
1071 3270 1262 3315 memoran-

130 3376 191 3428 tur
217 3365 351 3445 Parcae,
384 3388 420 3431 ao
453 3365 614 3431 similiter
641 3365 732 3453 apud
768 3362 960 3452 Hyginum,
990 3373 1145 3449 sequente
1172 3363 1263 3450 apud

131 3486 317 3563 utrumque
337 3478 508 3545 mentione
528 3477 767 3566 Hesperidum,
790 3498 874 3564 quae
894 3474 952 3540 hio
969 3476 1149 3564 praesedit.
1190 3473 1262 3542 Nv-

130 3580 211 3660 κτὸς
235 3581 323 3675 Φίλα
346 3582 445 3655 τέκνα
467 3582 619 3676 μελαίνης
651 3591 759 3657 diotae
782 3611 913 3677 quoque
942 3581 1061 3676 Μοῖραι
1090 3588 1129 3653 in
1150 3586 1260 3673 Orph.

131 3702 262 3793 Hymn.
288 3703 409 3773 Lthl.
440 3715 474 3769 et
496 3704 583 3770 LIX.
632 3703 759 3772 Contra
781 3700 958 3770 fatendum
979 3713 1027 3767 est
1049 3723 1092 3768 ex
1118 3700 1261 3788 Apollo·

131 3816 215 3882 doro
239 3818 264 3883 l.
290 3840 321 3884 o.
354 3817 443 3884 lovis
462 3830 496 3882 et
514 3818 689 3885 Themidis
708 3817 797 3884 filias
817 3816 932 3882 edente
952 3815 1084 3892 Parcas,
1106 3814 1262 3900 Theogo·
1386 3892 1391 3903 .

132 3929 210 3995 niae
232 3931 381 3998 versibus
400 3935 465 3998 903
485 3941 519 3998 et
536 3953 621 4019 seqq.
642 3928 848 4019 praesidium
862 3926 1022 3993 mcedere,
1068 3926 1132 3993 Eos
1147 3936 1260 3990 eutem

132 4044 304 4124 servandi,
325 4068 432 4133 neque
451 4055 565 4109 tamen
584 4044 658 4109 ideo
679 4043 762 4109 11.1.
783 4062 895 4108 versus
916 4040 978 4103 217
999 4050 1033 4103 et
1047 4040 1195 4125 quinque
1209 4059 1260 4103 se-

13 4250 14 4253 *
131 4167 267 4241 quentes
288 4157 503 4247 expungendi
528 4179 595 4223 una
624 4155 711 4222 ratio
732 4155 814 4221 haec
845 4163 907 4231 est,
942 4164 982 4216 ut
1010 4150 1100 4216 dicas
1127 4173 1159 4218 v.
1182 4152 1257 4216 217.

133 4260 258 4358 Melpes
288 4271 469 4358 significari
495 4269 536 4335 ab
565 4269 656 4336 Iovis
682 4279 715 4334 et
735 4262 911 4332 Themidis
933 4262 1067 4329 filiabus
1093 4261 1258 4342 diversas;
