2967 5209
488 463 517 508 n
544 424 906 515 ries1oo1rnuocounu.
1195 444 1262 516 191

1306 544 1316 567 .

131 654 246 720 quem,
278 658 306 699 ει
334 634 473 712 abesset,
500 658 606 722 neque
635 637 705 724 ipse
735 636 976 716 desiderarem
998 637 1054 701 sed
1078 649 1267 704 exstantem

131 747 171 811 in
200 746 356 812 omnibus
381 746 504 826 codd„
527 749 717 836 lectumque
738 771 757 814 a
777 748 946 828 Cornuto,
971 748 1135 837 Origene,
1157 750 1268 816 Theo-

129 859 242 946 philo,
264 858 413 938 Stobaeo,
435 883 506 925 non
523 882 589 925 esse
606 872 731 927 temere
751 862 1015 949 expungendum
1032 885 1157 942 censeo,
1168 864 1272 951 quip-

129 993 174 1058 pe
193 993 255 1036 nec
275 971 424 1040 alienum
439 998 458 1039 a
475 973 690 1061 praecedente
709 995 824 1052 versu,
845 997 923 1039 cum
948 966 1088 1062 Οὐρανὸς
1111 967 1176 1054 Γῆν
1195 968 1273 1064 n'apl

130 1073 250 1149 πάντα
273 1080 448 1150 καλύπτων
480 1088 534 1154 vel
565 1073 700 1174 ἐέργων,
732 1086 802 1152 sive
831 1110 903 1153 eam
938 1099 1096 1175 tanquam
1132 1080 1272 1176 καλῦβῃ

130 1197 186 1262 vel
211 1184 295 1284 ἕρκει
317 1199 575 1286 circumquaque
595 1212 707 1288 tegens
727 1210 761 1265 et
775 1200 961 1279 continens,
981 1201 1046 1267 hoc
1065 1204 1139 1290 ipso
1159 1204 1269 1270 rideri

131 1312 250 1395 poetae
272 1312 422 1399 potuerit
445 1313 544 1379 illam
560 1312 668 1379 facere
689 1303 880 1400 μακάρεσσι
906 1301 985 1385 θεοῖς
1010 1302 1104 1386 ἕδος
1130 1304 1270 1400 ἀσφα-

132 1416 208 1493 λὲς
232 1417 306 1488 atei.
350 1425 445 1489 Fecit
465 1426 558 1491 enim
579 1448 656 1491 sane
669 1437 796 1490 tectum
810 1429 865 1492 vel
885 1439 1029 1516 septum,
1051 1452 1117 1515 quo
1134 1430 1270 1494 firmius

134 1537 192 1602 vel
204 1537 310 1602 tutius
331 1539 375 1602 sit
396 1539 623 1605 domicilium.
669 1563 701 1607 v.
726 1540 801 1605 128.
826 1530 860 1610 ’ὅς
884 1531 916 1625 ῥ’
941 1528 989 1619 ela
1002 1539 1171 1620 Stobaeus,
1185 1563 1269 1627 quae

133 1647 234 1714 lectio
257 1648 406 1736 profecta
431 1651 552 1731 abiis,
574 1654 732 1739 quicum
760 1652 912 1720 Cornuto
936 1640 1009 1723 Hcs
1032 1653 1174 1721 Coelum
1203 1675 1270 1719 esse

132 1760 270 1827 vellent.
317 1763 500 1851 Vulgatam
523 1787 640 1829 omnes
659 1764 793 1829 Hesiodi
814 1764 917 1831 Codd.
939 1777 1090 1832 tuentur.

179 2011 235 2054 vv.
261 1991 448 2057 129-132.
482 1993 632 2079 respexit
661 1991 832 2059 Cornutus
860 2015 894 2080 p.
926 1994 1002 2056 176.
1037 1980 1116 2071 ἡδὲ
1141 1987 1187 2073 Γῆ
1212 1986 1270 2060 rit

132 2092 203 2188 ἴρη
227 2096 285 2169 ac>
311 2097 349 2170 rh
373 2099 566 2194 πέλαγος
591 2098 665 2186 ἑξῆς
688 2101 829 2195 λέγεται
845 2099 998 2193 γεννῆσαι
1023 2093 1124 2192 αἰτὲρ
1150 2097 1268 2191 φιλό-

129 2234 264 2307 staret
288 2204 509 2304 ἐφημέρου
532 2217 625 2308 (sic),
662 2242 707 2284 ex
734 2219 829 2285 cuius
851 2217 947 2284 brevi
967 2218 1139 2283 mentione
1158 2219 1269 2284 incer·

36 2412 40 2417 ἡ
131 2339 209 2393 turn
238 2344 370 2412 manet,
403 2345 522 2397 utrum
558 2356 691 2399 versum
724 2336 789 2400 130
820 2318 956 2421 legerit,
985 2355 1045 2397 nec
1077 2354 1131 2398 ne.
1179 2331 1267 2399 Cum

130 2443 250 2508 ceteris
269 2466 347 2510 eum
366 2446 545 2534 adposuere
569 2446 781 2535 Theophilus
805 2458 839 2510 et
856 2444 1026 2533 Origenes.
1059 2444 1268 2534 Goettlingio

131 2557 265 2623 additus
291 2581 357 2624 esse
381 2560 517 2625 videtur
539 2559 580 2627 ab
599 2560 785 2625 recentiore
806 2560 972 2646 quodam,
997 2559 1056 2647 qui
1081 2547 1157 2624 θεῶν
1178 2558 1267 2624 illud

133 2670 181 2758 (v.
204 2668 282 2755 129)
301 2672 472 2759 explicare
491 2672 682 2751 conabatur,
703 2673 857 2758 quamvis
876 2694 914 2737 co
936 2683 1070 2737 tanturn
1081 2672 1269 2760 significare

131 2786 233 2872 po‘eta
255 2784 404 2850 voluerit
426 2786 608 2851 constituta
626 2786 664 2849 in
685 2784 859 2850 montibus
878 2786 1017 2871 templa.
1064 2786 1113 2850 De
1131 2786 1269 2872 templis

131 2896 289 2984 cogitasse
310 2896 491 2962 Hesiodum
515 2896 579 2961 hoc
597 2898 680 2974 loco,
698 2920 767 2962 non
788 2896 944 2983 equidem
966 2896 1118 2976 inducor,
1142 2909 1182 2962 ut
1198 2921 1268 2962 cre·

131 3010 222 3077 dam.
248 3009 427 3076 Adsentior
442 3021 557 3074 tamen
576 3009 769 3075 Hermanno
789 3009 828 3073 in
843 3007 939 3075 Gens.
954 3007 1081 3075 Goettl.
1093 3012 1266 3088 statuenti,

132 3147 227 3213 posse
250 3146 311 3189 nos
332 3146 430 3190 versu
449 3146 571 3190 carere.
618 3122 680 3189 Sed
702 3123 784 3188 haec
801 3123 888 3187 iusta
910 3145 1005 3189 causa
1032 3137 1168 3190 nonest
1188 3147 1268 3209 eum

134 3237 349 3302 abiudicandi
370 3237 528 3317 Hesiodo,
551 3238 612 3323 qui
634 3237 778 3302 voluisse
798 3246 908 3324 potest
927 3237 1068 3302 Terram
1090 3240 1268 3304 nascituris

132 3373 175 3416 ex
199 3373 232 3416 se
252 3350 423 3439 Nymphis
447 3352 492 3441 (v.
515 3348 593 3439 187)
611 3373 680 3415 non
698 3351 832 3428 miuus,
852 3372 955 3436 quam
974 3353 1091 3417 ceteris
1110 3353 1182 3418 Diis
1206 3353 1268 3418 ha·

15 3512 16 3521 .
131 3463 307 3531 bitatiouis
329 3466 439 3530 sedem
459 3488 598 3554 parasse.
630 3465 719 3529 Tum
738 3463 864 3528 merito
882 3476 999 3530 contra
1017 3463 1266 3552 Goettlingium

132 3588 225 3643 tenet
259 3578 490 3657 Hermannus,
524 3579 617 3644 nihil
650 3578 840 3644 offensionis
877 3577 1000 3644 habere
1032 3578 1158 3644 adiecta
1191 3589 1267 3664 post

132 3683 319 3776 Νυμφέων,
342 3692 371 3757 si
385 3692 527 3758 describi
541 3694 613 3759 illis
631 3691 767 3781 plenius
780 3689 921 3756 Oreades
935 3701 1141 3756 censeantur.
1161 3687 1264 3779 (conf.

133 3825 216 3869 mox
237 3806 392 3873 citandus
409 3829 522 3872 versus
536 3805 713 3895 Apollonii
734 3800 847 3869 Rhod.
865 3804 892 3871 1.
913 3802 1189 3891 1226.)⁸veraquo
1217 3814 1266 3868 est

132 3916 174 3980 ad
202 3917 238 3985 h.
263 3922 288 3985 l.
321 3920 507 3986 observatio
529 3919 716 3986 Muetzellii
744 3941 778 4006 p.
808 3918 904 3997 363„
927 3939 992 3982 esse
1009 3917 1180 4005 prolixius
1200 3915 1265 3981 hoc

132 4031 351 4116 expositionis
372 4056 474 4122 genus
491 4033 581 4098 inter
602 4032 756 4098 Hesiodei
775 4031 939 4096 sermonis
958 4031 1188 4118 proprietates.

178 4140 230 4206 Ad
259 4131 410 4217 ἐναύλους
433 4171 465 4213 v.
487 4148 561 4212 129.
589 4145 646 4212 Gl.
670 4147 743 4214 Par.
764 4143 801 4212 C.
828 4133 905 4214 rods
928 4130 987 4208 deit
1017 4136 1130 4207 στένον
1152 4135 1265 4211 ποτά-

136 4271 230 4337 μουσ·
278 4254 446 4322 Convenit
473 4260 552 4324 haec
573 4258 757 4346 explicatio
785 4258 868 4323 locis
887 4256 1025 4323 Homeri
1043 4255 1262 4342 quibusdam,
