2967 5209
480 507 510 551 ns
534 504 658 577 nassum
681 505 895 552 rusucontsu.
1181 480 1253 554 349

126 676 203 739 tulis
230 675 345 740 similia
378 674 579 764 (sonabant);
618 678 701 769 alins
735 690 914 765 serpentum
949 700 1035 739 more
1064 678 1249 755 stridebunt,

126 787 349 875 Apollodorus
382 788 491 854 LVI.
523 791 554 856 3.
586 791 604 876 §
636 794 667 855 5.
697 789 739 855 de
761 789 947 878 Typhone:
975 778 1068 872 nevit
1088 784 1255 878 συριγμῶν

128 890 208 984 ὁμοῦ
233 891 290 964 nni
314 890 396 986 βοῆς
421 885 567 987 ἐφέρετο.
592 900 689 967 Conf.
707 902 861 990 Aeschyl.
886 902 996 967 Prom.
1015 925 1047 966 v.
1063 906 1138 968 355.
1162 902 1251 990 (366.
1287 918 1292 929 ·

125 1010 276 1101 Blomt).

170 1260 203 1305 v.
224 1240 286 1303 831
315 1235 483 1325 Guyetus,
510 1249 550 1302 ut
569 1238 742 1325 spurium,
767 1238 952 1306 damnavit.
998 1237 1088 1303 Mihi
1109 1240 1148 1303 ad
1173 1261 1254 1303 con·

123 1350 326 1415 cinnitatem
343 1349 525 1414 sententiae
542 1350 761 1415 necessarium
780 1362 868 1416 certe
885 1352 1031 1430 videtur,
1051 1352 1141 1438 quod
1159 1351 1256 1415 estin

126 1460 241 1526 versds
266 1460 437 1549 principio
470 1450 667 1551 (pls'yyovl'.
714 1462 760 1529 At
787 1485 864 1527 sane
885 1460 1124 1528 difficultatem
1156 1462 1280 1527 habet

125 1560 335 1639 destituite
360 1564 525 1657 susianen,
557 1596 634 1639 cum
664 1575 795 1639 dictum
826 1599 892 1640 esse
920 1587 1061 1663 nequeat
1085 1598 1147 1663 pro
1170 1564 1257 1641 iim

126 1671 216 1757 deols
240 1676 376 1751 revision
399 1685 499 1767 (sive,
516 1698 556 1751 ut
574 1685 709 1752 Scholia
728 1700 922 1773 exponunt,
946 1674 1032 1751 iisse
1048 1677 1257 1776 γνωρίζεσθαι

126 1784 242 1881 θεοὺς),
265 1822 371 1887 neque
389 1800 525 1888 probari
547 1801 670 1888 possit,
692 1823 775 1886 quae
793 1800 1001 1888 Goettlingio
1023 1802 1161 1890 placuit,
1174 1826 1257 1867 con-

123 1911 265 1976 structio
298 1901 508 2002 Φθέγγοντοιι
539 1900 655 1984 istim,
692 1901 780 1976 ὥστε
813 1905 949 1977 curium
977 1906 1105 1985 αὐτούς.
1159 1914 1256 2000 Quod

126 2024 354 2110 supplendum
376 2025 526 2113 Heynius
540 2025 607 2104 ait,
630 2011 765 2106 iiiluna,
787 2025 858 2089 iam
880 2024 1013 2113 pridem
1032 2026 1258 2112 cogitaverant

48 2190 51 2197 .
124 2136 345 2225 interpretes,
372 2141 559 2205 reddentes:
589 2152 630 2204 ut
659 2141 731 2204 Diis
754 2139 929 2227 intelligere
961 2140 1086 2219 liceret,
1121 2141 1256 2229 ellipsin

126 2272 187 2337 per
222 2252 361 2318 uncinos
388 2253 558 2319 indicante
586 2223 771 2321 Schmidio.
804 2244 902 2320 Conf.
934 2253 1090 2320 Schaefer
1117 2254 1155 2318 in
1186 2256 1255 2322 Ell.

126 2362 198 2427 Bos.
227 2364 268 2428 ed
298 2351 425 2446 ἐξεῖναι.
478 2366 590 2454 Neque
623 2388 682 2454 ego
711 2365 836 2430 melius
860 2368 942 2453 quid
968 2367 1074 2432 video.
1122 2365 1257 2433 Codices

125 2476 218 2542 nihil
241 2480 386 2546 venant.
433 2480 522 2547 Male
545 2480 696 2550 Wolfius
717 2479 957 2567 interpretatus
979 2492 1058 2546 ests>
1076 2479 1169 2543 modo
1193 2493 1257 2542 tuns

125 2595 273 2654 immunis
296 2605 367 2656 erut
386 2600 543 2661 contentio
567 2600 677 2678 uocis,
705 2607 739 2658 ut
763 2592 812 2656 vel
834 2595 878 2657 Di
898 2602 931 2656 in
950 2594 1086 2680 Olympo
1105 2616 1175 2656 enm
1196 2616 1258 2655 nn·

125 2702 237 2779 dire,
254 2712 422 2792 pervinere
436 2717 580 2792 possent.
617 2705 753 2771 Rectius
774 2705 800 2772 1.
820 2706 861 2772 H.
877 2706 1026 2774 Vossius:
1045 2707 1177 2770 Lnntete
1185 2708 1258 2791 jezi

115 2813 183 2900 siis·
199 2814 250 2878 elic
277 2814 389 2882 Giiiter
406 2816 662 2883 verstc'incllicltes.

170 3063 203 3106 v.
229 3042 306 3106 832.
339 3031 443 3105 doum
467 3027 616 3128 ἀγαύρου
650 3063 694 3106 ex
718 3041 800 3119 hoc,
832 3032 872 3105 ut
895 3041 1047 3118 videtur,
1077 3043 1150 3106 loco
1175 3016 1257 3106 citat

126 3152 243 3237 Etym.
265 3150 407 3244 Sorbon.
431 3149 501 3220 MS.
526 3176 544 3216 a
568 3151 760 3218 Gaisfordio
781 3153 935 3218 laudatus
957 3153 997 3217 ad
1020 3152 1134 3221 Schol.
1157 3154 1193 3222 h.
1207 3155 1232 3219 l.

171 3398 204 3442 v.
224 3378 290 3442 836
309 3400 396 3464 seqq.
422 3370 484 3443 Kui
508 3373 542 3443 νύ
562 3395 614 3443 κεν
629 3368 751 3443 ἔπλετο
774 3372 868 3468 ’ἔργον
889 3399 921 3446 κ.
937 3372 979 3442 r.
1003 3382 1035 3446 t.
1061 3403 1099 3441 nc
1113 3403 1190 3442 sane
1205 3379 1256 3442 cite

126 3486 199 3567 illo,
222 3511 288 3575 quo
312 3511 345 3553 se
364 3490 425 3555 tali
444 3488 583 3569 habitu,
607 3491 773 3577 tantisque
799 3490 928 3557 viribus
951 3492 988 3556 in
1010 3491 1202 3580 Olympum
1223 3502 1257 3555 et

128 3601 242 3669 Iovem
264 3600 373 3668 ferens
391 3605 588 3692 Typhoeus,
602 3617 717 3670 monte
727 3628 902 3670 conscenso
920 3606 1002 3696 (vid.
1019 3602 1254 3689 1111000860.)

83 3734 93 3747 “
127 3717 218 3780 viam
241 3713 305 3780 sibi
328 3715 367 3780 in
387 3714 578 3806 Olympum
603 3731 636 3784 et
657 3720 788 3783 coelum
808 3717 1012 3783 moliebatur
1033 3703 1105 3804 (ἐπ’
1130 3709 1255 3802 coperit

129 3817 308 3914 ὅρμωμένον
330 3828 414 3894 dicit
436 3830 593 3918 Apollod.
614 3833 640 3895 1.
658 3854 688 3896 0.
707 3834 727 3917 §
749 3829 795 3917 6.)
814 3853 864 3894 res
884 3839 1046 3909 evenisset,
1069 3828 1154 3893 nullo
1163 3841 1254 3915 post·

127 3964 167 4005 en
188 3942 325 4007 remeclio
347 3944 503 4022 sananda,
526 3968 716 4034 regnumque
731 3954 789 4009 iste
809 3942 1016 4034 (Typhoeus)
1040 3944 1255 4007 hominumue

67 4072 71 4081 ·
127 4054 272 4117 Deorum
285 4054 477 4132 obtinuisset,
499 4064 562 4120 nisi
576 4056 753 4145 (molimina
772 4056 850 4147 eins)
866 4058 1031 4145 confestim
1049 4056 1255 4121 intellexisset

127 4167 256 4253 Iupiter,
280 4192 401 4257 suaque
416 4171 454 4236 in
474 4182 671 4259 portentum
691 4172 780 4237 illud
804 4173 966 4239 iaculatus
988 4183 1068 4238 esset
1087 4169 1251 4250 fulmina,

127 4282 279 4370 primum
308 4287 349 4351 dc
379 4289 452 4353 sede
474 4312 549 4367 sua,
573 4288 686 4354 statim
710 4286 752 4353 ab
770 4311 806 4354 re
822 4289 1050 4355 animadversa
1071 4288 1116 4372 (v.
1141 4290 1251 4375 839),
