2967 5209
159 490 163 505 ·
228 465 299 541 138
336 489 342 496 ’
668 490 908 539 counuuriuus

224 668 435 738 incesserunt,
454 672 687 747 processerunt.
727 657 842 723 Minus
862 668 949 722 recte
965 652 1101 725 Veteres
1120 668 1154 722 et
1171 656 1231 722 hos
1248 661 1359 726 secuti

111 820 120 831 .
224 773 449 837 recentiorum
477 771 639 837 nonnulli
672 795 690 835 a
718 759 852 857 ροῖνννυροι
873 769 1064 837 derivatum
1078 783 1290 849 censuerunt,
1313 772 1359 836 de

213 870 325 949 'firmo
356 886 481 972 pedum
513 885 553 950 ud
583 906 740 949 numeros
769 884 897 949 incessu
923 883 1098 971 capientes.
1125 882 1181 949 Gl.
1209 883 1283 949 Par.
1311 883 1356 950 G.

223 988 378 1068 συντόνως
404 986 622 1088 ὠρχήσαντο,
646 984 847 1083 tuipse-u.
872 995 928 1062 Gl.
954 997 1026 1063 Par.
1049 995 1087 1063 C.
1110 981 1359 1082 ἓρρωροὲνννοκοοὶ

223 1100 378 1182 συντόνως
401 1100 569 1201 ὠρχοῦντο
594 1102 650 1175 κον)
672 1094 908 1195 {iracundiae
937 1108 1007 1176 Bas.
1036 1109 1203 1196 Interpres
1219 1108 1362 1195 sortiter

222 1224 432 1312 tripudiantes
455 1223 603 1312 pedibus·
658 1223 756 1290 Nihil
784 1221 850 1287 nisi
878 1234 1019 1287 'motum
1048 1221 1232 1309 significari
1259 1220 1359 1286 docet

217 1338 314 1403 'locus
332 1337 373 1402 ll.
393 1335 435 1403 Α.
459 1339 534 1404 529.
557 1334 657 1403 Conf.
676 1334 785 1424 lleyn.
806 1335 847 1400 ad
871 1336 912 1401 ll.
937 1336 981 1400 Ω.
1009 1335 1084 1401 616.

266 1583 301 1628 v.
323 1565 344 1628 9
365 1583 451 1648 seqq.
481 1561 594 1628 Musae
619 1562 663 1626 de
687 1562 742 1626 die
768 1561 889 1626 choros
915 1571 1103 1625 exercentes
1123 1558 1161 1622 in
1182 1554 1358 1622 Heliconis

221 1674 361 1752 vertice,
379 1674 484 1738 nubes
503 1683 659 1760 tangente
676 1685 711 1738 et
726 1673 888 1738 inaccesso
902 1671 1115 1750 mortalibus,
1135 1669 1216 1734 hinc
1227 1667 1359 1733 obortis

221 1778 386 1865 tenebris,
407 1786 493 1873 ipsas
511 1797 670 1872 tanquam
692 1786 769 1850 velo
789 1783 993 1874 tegentibus,
1018 1770 1238 1872 ἀπορνύμενον
1260 1782 1356 1846 celeri

222 1912 307 1963 motu
328 1899 550 1962 descendentes
570 1920 631 1987 per
653 1898 853 1986 campestria
875 1890 1037 1988 στεῖχον,
1061 1903 1231 1984 composito
1246 1893 1355 1982 gradu

222 2011 419 2089 incedebant,
431 1997 582 2100 ἒννῦχιοοι
604 2024 716 2090 noctu,
739 2012 833 2077 dulci
855 2023 957 2077 cantu
975 2010 1178 2077 celebrantes
1195 2021 1273 2101 tqm
1291 2033 1354 2075 ex·

150 2130 155 2144 '
221 2124 501 2189 cellentissimum
520 2144 683 2209 quemque
699 2125 740 2189 de
751 2124 834 2205 Diis,
846 2138 921 2189 tum
936 2124 1091 2190 universe
1102 2122 1354 2188 immortalium

221 2258 322 2301 omne
339 2259 441 2324 genus
460 2235 674 2324 (v.11-21)=
694 2260 779 2324 quae
799 2237 846 2302 sic
863 2237 1051 2302 incedentes
1070 2248 1105 2302 et
1119 2247 1272 2302 canentes
1287 2237 1353 2301 ali-

219 2350 366 2436 quando·
390 2361 643 2438 pernoctantem
669 2349 731 2414 sub
762 2349 921 2415 Helicone
949 2350 1039 2438 apud
1064 2372 1164 2439 agnos
1184 2360 1354 2436 pastorem

222 2458 405 2529 Hesiodum
429 2461 549 2526 eadem
575 2461 641 2525 'illa
667 2483 784 2527 canere
813 2460 1015 2549 docuerunt,
1044 2463 1157 2551 primo
1178 2482 1353 2549 congressu

223 2573 316 2637 ultro
334 2572 375 2637 ab
392 2595 424 2637 se
440 2574 680 2660 compellatum
698 2574 857 2660 alloquio,
870 2586 1098 2663 ornatumque
1110 2575 1218 2642 donis.
1241 2575 1288 2664 (v.
1308 2574 1352 2638 22

221 2681 324 2773 seqq)
354 2684 516 2752 Veterum
537 2684 698 2772 opinione
716 2686 888 2773 antiquius
908 2699 941 2752 et
958 2689 1077 2754 castius
1094 2687 1276 2753 hominum
1295 2708 1350 2774 ge-

221 2821 287 2862 nus
318 2797 462 2862 invisere
491 2797 549 2862 Dii
565 2797 731 2862 solebant
758 2800 859 2865 etiam
895 2801 937 2865 de
964 2802 1038 2866 die:¹
1079 2800 1161 2891 (vid.
1196 2798 1353 2868 Catullus

222 2909 341 2999 Epith.
359 2909 427 2976 Pel.
450 2921 484 2974 et
501 2910 600 2977 'I'he'u
620 2933 654 2976 v.
677 2915 743 2979 384
762 2917 867 3002 seqq.)
881 2925 1037 3002 sequente
1055 2925 1167 2980 autem
1187 2911 1352 2979 deteriore

221 3028 332 3092 seculo
363 3025 563 3091 commercia
585 3023 776 3092 ¹hominum
802 3024 985 3116 fugientes,
1017 3049 1087 3092 non
1109 3024 1176 3091 nisi
1195 3035 1292 3090 nocte
1313 3024 1364 3090 in·

222 3151 328 3203 terras
356 3148 533 3204 venerunt.
580 3137 635 3204 Sic
668 3141 759 3229 apud
783 3140 926 3207 Aratum
948 3139 1098 3219 Iustitia,
1121 3139 1230 3204 seculo
1251 3159 1352 3202 aureo

221 3270 354 3338 semper
371 3251 529 3315 interesse
543 3252 649 3317 solita
669 3250 872 3329 mortalfluus
895 3254 941 3343 (v.
964 3252 1038 3318 102.
1056 3249 1142 3340 114),
1161 3250 1271 3315 seculo
1292 3271 1352 3313 ar-

221 3376 340 3452 genteo
372 3363 443 3428 iam
470 3364 696 3433 intermittere
724 3367 788 3432 hoc
813 3369 940 3457 coepit:
980 3356 1107 3455 ἤρχετο
1136 3351 1170 3430 d'
1195 3349 1354 3450 ἓξόρέων

222 3464 402 3547 ἓντνιῗὲἰελοο
414 3466 588 3566 -ἦχνρέντων
612 3477 656 3566 (v.
670 3478 757 3566 118.)
773 3500 908 3567 prorsus
922 3490 961 3543 ut
977 3478 1160 3544 secundum
1170 3474 1353 3542 Hesiodum

221 3614 266 3656 ex
287 3590 447 3656 Helicone
468 3588 590 3656 Musae.
636 3588 724 3656 Hinc
752 3595 868 3680 poetae
890 3602 1004 3656 nostro
1019 3571 1114 3679 ’‘Epy.
1140 3614 1173 3656 v.
1202 3589 1352 3655 73011ἱὲ-

220 3715 347 3771 cuntur
375 3716 489 3770 noctes
519 3727 585 3775 esse
618 3692 774 3792 μαννάριον
796 3717 830 3770 et
856 3705 963 3772 Statio
983 3704 1072 3775 silv.
1092 3705 1120 3770 l.
1144 3706 1175 3768 1.
1197 3702 1241 3769 ut
1262 3714 1353 3767 uode

220 3818 326 3913 silenti
348 3832 474 3882 terrena
498 3817 630 3904 Superis
647 3816 786 3906 placere.

267 4046 380 4110 valo·
414 4040 468 4108 ld
496 4030 644 4133 ἐννύχιον
676 4042 732 4110 Gl.
760 4044 835 4110 Par.
865 4042 904 4111 C.
933 4030 1039 4110 Feds'
1062 4031 1138 4120 illue
1159 4034 1218 4121 τῆς
1239 4038 1352 4112 νυκτός

222 4159 330 4238 male,
369 4178 476 4244 neque
508 4170 574 4243 est,
591 4169 643 4222 ut
677 4157 790 4224 voluit
816 4157 971 4247 Hcynius
1003 4154 1040 4221 in
1059 4152 1134 4242 -Ep-
1166 4155 1207 4221 ad
1234 4153 1349 4224 Wolf.

221 4269 357 4357 caligine
396 4283 510 4349 tectae,
543 4272 596 4340 sed
635 4283 824 4350 nocturnae,
856 4285 966 4349 noctae,
1005 4280 1157 4335 consuetu
1187 4267 1350 4356 significe-
