2967 5209
264 478 336 553 336
695 502 936 552 ocssssrrutvs

259 698 323 762 que
338 673 456 754 obstat,
476 674 630 762 quodibi
652 663 1024 761 πεντηκοντακέφαλλος
1044 674 1180 753 dicitur,
1199 673 1255 740 hic
1267 686 1386 740 autem

182 794 186 805 “
213 858 218 883 4
260 808 293 852 v.
313 789 390 854 771.
411 786 482 852 eius
501 785 598 852 binae
623 809 717 854 aures
734 798 985 869 memorantur3
1012 808 1092 852 nem
1119 798 1258 875 possum
1283 786 1385 852 binae

258 900 406 988 intelligi
423 900 581 987 cuiusque
601 901 730 990 capitis.

300 1015 473 1104 Expressit
491 1015 641 1083 bunede
660 1038 741 1082 cene
759 1014 949 1081 inferorum
968 1016 1092 1093 locum,
1115 1037 1185 1080 non
1206 1015 1278 1079 sine
1294 1018 1383 1101 poe?-

256 1141 317 1207 tae,
336 1127 361 1194 1.
378 1151 408 1196 e.
424 1126 569 1206 Hesiodi,
583 1128 767 1206 mentione,
789 1128 880 1195 Elios
891 1127 1057 1195 Cretensis
1072 1126 1112 1192 ad
1127 1125 1265 1214 Gregor.
1281 1127 1320 1195 Τ.
1331 1128 1380 1193 11.

241 1264 290 1330 op.
316 1244 392 1309 988.
420 1240 457 1308 Β.
492 1238 593 1307 Conf.
623 1241 713 1308 idem
733 1263 771 1330 p.
794 1243 870 1309 858.
894 1242 936 1308 D.
959 1240 1097 1307 Nonnus
1121 1240 1163 1305 ed
1187 1238 1378 1328 Gregor..f.

256 1355 308 1422 49.
324 1378 359 1444 p.
378 1356 454 1422 511.
473 1353 514 1422 D.
537 1352 563 1418 f.
588 1358 641 1421 78.
667 1377 702 1443 p.
723 1357 800 1420 517.
824 1353 865 1421 C.
897 1353 959 1422 Ed.
982 1355 1125 1422 Montao.
1145 1376 1179 1442 Ρ.
1204 1355 1279 1421 111.
1325 1353 1378 1421 Si·

253 1467 353 1534 milis
382 1467 444 1546 iis,
468 1488 553 1554 quae
574 1465 630 1532 hic
656 1465 861 1546 referuntur,
884 1467 993 1533 nescio
1021 1488 1132 1533 snex
1157 1465 1300 1533 Hesiodo
1320 1467 1378 1534 de·

252 1591 422 1669 prompta,
442 1577 568 1645 hebent
589 1578 756 1645 Lucienus
774 1580 815 1644 de
837 1581 945 1645 Luctu
965 1601 993 1647 c.
1015 1579 1046 1644 4.
1067 1578 1222 1689 Eudocia⁴
1234 1603 1269 1668 Ρ.
1298 1581 1374 1647 255.

296 1827 329 1872 v.
346 1807 411 1871 775
431 1798 518 1894 seqq.
542 1804 602 1884 Ibi,
625 1805 722 1871 iuxta
742 1802 869 1870 inferos
891 1802 1004 1894 (conf.
1027 1805 1069 1872 11.
1090 1803 1134 1872 Θ.
1158 1804 1373 1872 8690611.

241 1910 355 2007 tlt),
374 1919 412 1984 in
426 1918 538 1985 Noctis
547 1919 681 2006 regione
702 1916 897 2008 (15115788.
914 1914 1018 2006 806),
1035 1918 1108 1984 'filia
1127 1929 1209 1983 netu
1221 1919 1375 2021 maxime

251 2031 305 2097 vel
329 2028 479 2096 maxime
499 2031 685 2098 venerenda
707 2029 821 2121 (supra
840 2054 874 2098 v.
902 2028 993 2118 961.)
1019 2030 1161 2110 Oceani,
1188 2055 1207 2097 5
1225 2030 1328 2096 fluxu
1341 2043 1374 2097 et

250 2140 386 2209 reflexu
399 2142 483 2209 dicti
505 2129 668 2231 111155βρ655
694 2140 808 2233 (Conf.
830 2143 872 2208 Il.
897 2145 934 2209 Σ.
958 2146 1034 2215 899.
1054 2142 1117 2211 06.
1131 2145 1170 2210 Y.
1184 2141 1265 2231 65.),
1285 2142 1374 2231 Styx

250 2254 398 2335 habitet,
432 2256 500 2322 Dea
541 2255 791 2322 immortalibus
830 2255 958 2336 invisa,
997 2267 1115 2345 utpote
1149 2250 1260 2346 μέγα.
1277 2249 1375 2342 πῆμα

194 2366 196 2375 ‘
251 2355 529 2457 6151516ῃῦ515.
553 2365 659 2457 tot).
704 2367 841 2447 Habitat
867 2368 929 2434 illa
954 2370 1072 2457 procul
1095 2369 1206 2434 eDiis
1223 2392 1267 2436 sc.
1293 2368 1374 2436 Coe·

249 2479 386 2547 lestibus
419 2478 466 2568 (v.
490 2478 582 2566 777.)
606 2502 666 2546 neo
689 2481 757 2545 nisi
777 2503 855 2547 raro
875 2480 934 2560 fit,
962 2493 1138 2548 uteorum
1163 2481 1286 2548 nuncia
1311 2482 1374 2547 Iris

249 2613 287 2656 eo
309 2590 501 2679 perveniat,
530 2590 587 2656 ubi
603 2572 692 2680 Styx
713 2591 859 2658 habitat:
879 2593 968 2679 quod
989 2605 1066 2658 tum
1086 2595 1224 2660 demum
1242 2594 1372 2673 accidit,

249 2723 344 2785 eum,
369 2702 583 2771 contentione
610 2703 701 2769 inter
732 2706 817 2771 Deos
846 2717 937 2793 orte,
966 2707 1007 2772 ad
1028 2707 1255 2774 dirimendum
1274 2708 1373 2773 litem

248 2837 331 2903 opus
353 2825 402 2880 est
419 2813 636 2893 iureiurando
659 2839 720 2907 per
734 2816 872 2907 Stygem
896 2819 941 2909 (v.
963 2824 1028 2888 780
1041 2824 1154 2910 seqq.).
1201 2820 1375 2887 Iubebitat

248 2940 361 2995 eutem
384 2926 473 3017 Styx
495 2919 607 2995 5165τᾶ
629 2917 786 3016 δώματα,
806 2931 898 2998 aedes
924 2933 1072 3022 inclytae
1088 2934 1373 3023 magnificentiae,

248 3053 289 3108 ut
308 3052 388 3107 sunt
401 3041 559 3131 Neptuni,
581 3043 622 3110 ll.
642 3042 684 3115 N·
707 3045 775 3124 21,
798 3036 910 3110 elutis
938 3032 1078 3131 iduma
1097 3035 1227 3133 βένθεσι
1247 3033 1373 3134 λίμνης.

248 3141 490 3223 Describuntur
517 3155 609 3222 aedes
642 3155 755 3245 Stygis
787 3156 834 3246 (v.
865 3161 930 3226 778
949 3156 1031 3248 seq.)
1055 3160 1095 3226 ad
1116 3163 1264 3240 coelum,
1292 3164 1318 3228 i.
1342 3185 1371 3228 e.

248 3248 435 3332 mairimam
456 3268 684 3349 altitudinem,
707 3270 841 3336 eductae
862 3282 896 3336 et
914 3285 1160 3339 concameratae
1181 3274 1373 3363 ingentibus

248 3378 351 3458 saxis,
371 3379 442 3447 sive
461 3380 604 3468 rupibus
630 3379 742 3471 (conf.
760 3405 793 3450 v.
815 3386 890 3460 788.
914 3381 1003 3472 792.)
1023 3382 1295 3475 fultae'undique
1313 3410 1372 3453 co·

247 3489 376 3557 lumnis
394 3492 566 3579 argenteis.
612 3494 672 3560 Est
688 3495 848 3562 similiter
871 3496 912 3564 Il.
935 3498 972 3564 Σ.
997 3499 1050 3564 50.
1068 3497 1167 3565 Nerei
1188 3490 1290 3570 σπέος
1313 3487 1372 3587 ἆρ-

247 3598 375 3692 γῦφεον
406 3603 574 3691 splendidi
605 3606 769 3675 candoris.
797 3606 884 3674 ‘Iter
911 3608 1011 3675 Iridis
1034 3609 1076 3675 ab
1101 3609 1270 3700 Olympo,
1299 3611 1373 3681 sede

249 3716 365 3797 lovis,
381 3715 429 3783 ad¹
448 3714 587 3806 Stygem
620 3718 758 3789 etinde
784 3731 876 3786 retro
897 3712 1071 3810 (sorerem
1093 3746 1126 3791 v.
1149 3724 1226 3788 781.
1253 3734 1301 3789 est
1324 3731 1368 3803 it,

249 3826 343 3916 redit)
365 3827 536 3917 peragitur
558 3853 657 3920 super
683 3831 752 3897 lata
775 3832 870 3900 dorsa
889 3835 993 3901 maris
1019 3832 1301 3922 (mediterranei),
1328 3834 1371 3901 ob

248 3952 404 4007 naturam
423 3940 540 4026 Iridis,
565 3944 606 4009 de
627 3966 691 4032 qua
717 3944 847 4011 dictum
872 3948 913 4012 56
933 3971 966 4014 v.
985 3950 1059 4014 266.
1079 3960 1113 4014 51
1130 3948 1219 4035 quod
1240 3947 1307 4013 iter
1321 3926 1370 4012 551

249 4049 462 4121 Occidentem
490 4073 603 4119 versus
631 4056 672 4121 ad
693 4049 858 4123 ’onnon
878 4053 982 4148 κέρας.
1027 4060 1132 4129 Venit
1156 4061 1224 4128 Iris.
1248 4059 1369 4127 nuncia

244 4163 400 4231 mandeti
420 4164 525 4247 Iovis,
548 4166 694 4234 iubentis
712 4166 837 4235 adferri
860 4169 972 4261 Stygis
993 4195 1130 4262 aquam,
1151 4193 1368 4263 superquam

248 4277 459 4344 contentione
486 4278 576 4345 inter
595 4280 678 4349 Deos
700 4284 774 4347 orta
800 4283 969 4370 litigantes
989 4285 1113 4355 iurent
1158 4284 1292 4353 Scilicet
1311 4284 1367 4348 lu·
1460 4350 1461 4389 ,
