2967 5209
267 506 339 582 370
701 478 941 579 coemuranae

266 724 349 771 num
369 705 527 792 exemplo
545 704 644 791 legit,
668 726 724 768 een
756 715 831 791 post
855 722 987 768 versum
1015 702 1077 769 illa
1097 701 1162 766 Th.
1189 703 1284 780 928„
1315 702 1386 769 sive
1414 752 1420 769 ,

265 817 348 884 alibi
365 817 474 882 eedem
490 815 681 894 habuerint,
693 815 881 895 adulterina,
896 826 1094 903 negaturum
1110 827 1196 879 reste
1213 815 1386 880 nemiuem

264 928 403 1017 opinor;
431 941 640 1001 venustemus
656 927 811 1014 equidem
831 928 878 993 sic
897 938 1041 992 statuam
1060 948 1139 991 cum
1162 926 1384 1005 Ruhnkenm,

263 1053 427 1128 quatenus
445 1052 532 1107 uerte
551 1040 740 1127 antiquiora
761 1053 840 1106 sunt
862 1040 1073 1129 Chrysippo:
1102 1041 1265 1106 sedidem
1286 1042 1386 1128 longe

263 1155 448 1220 recentiora
467 1165 585 1242 putem
607 1151 699 1219 haud
717 1153 761 1218 iis
781 1154 900 1232 modo,
916 1174 1002 1241 quae
1019 1153 1103 1218 citra
1121 1153 1383 1220 controversiam

263 1264 306 1330 ab
335 1265 431 1331 omni
463 1265 663 1353 antiquitate
691 1264 807 1331 habita
839 1277 918 1330 sunt
946 1264 1096 1342 Hesiodi,
1129 1286 1248 1330 verum
1280 1265 1382 1330 etiam

263 1377 363 1445 Soute
385 1389 419 1445 et
437 1372 620 1468 catalogis,
649 1378 789 1467 aliisque
815 1378 1009 1443 huiusmodi
1029 1380 1143 1443 aetatis
1167 1378 1289 1466 Epicae
1312 1400 1381 1442 ear·

262 1490 429 1572 minibus,
454 1492 644 1581 dequibus,
665 1515 710 1558 an
727 1504 833 1558 essent
842 1492 992 1570 Hesiodi,
1016 1491 1180 1556 dubitasse
1196 1491 1308 1556 videas
1318 1491 1382 1558 Ve-

260 1616 372 1670 terum
401 1605 595 1670 nonnullos.
641 1604 742 1683 Nam,
772 1624 826 1670 me
849 1605 985 1691 quidem
1013 1604 1140 1682 iudice,
1172 1603 1381 1692 Chrysippea

260 1717 323 1782 ista
342 1719 490 1783 oolorem
514 1718 622 1804 magis
634 1716 711 1783 aius
733 1717 859 1782 habent
880 1718 999 1796 seculi,
1023 1738 1099 1804 quo„
1115 1730 1193 1783 nata
1207 1730 1287 1782 sunt
1306 1719 1381 1805 ple-

257 1845 362 1914 raque
378 1824 515 1916 Orpheo
534 1827 651 1898 afficta.
673 1827 738 1908 Sic,
755 1830 845 1916 qnod
858 1822 969 1906 Μῆτις
984 1851 1017 1897 ν.
1031 1832 1083 1896 14.
1101 1829 1227 1895 dieitur
1241 1823 1381 1908 σέασνρνα

260 1928 399 2024 δικαίαν,
419 1942 520 2030 plane
534 1940 724 2031 Orphioum
738 1944 872 2030 poitam
883 1945 979 2030 sapit.
1011 1942 1191 2007 Hominem
1206 1941 1377 2019 eiusmodi,

258 2056 317 2140 qui
342 2074 403 2120 sua
427 2066 502 2145 post
525 2048 590 2122 Th.
622 2079 656 2123 v.
679 2058 756 2121 929.
789 2055 1062 2144 interpolaverit,
1097 2056 1126 2120 si
1153 2054 1379 2143 Goettlingius

258 2155 365 2231 οὔναί
375 2168 506 2254 puttam
526 2167 635 2246 dixit,
656 2188 727 2232 non
748 2178 814 2246 est,
844 2168 932 2255 quod
952 2165 1222 2254 einefragemur.
1268 2168 1378 2254 Adpo-

225 2298 227 2302 ’
257 2279 325 2344 suit
345 2291 459 2345 autem
488 2279 715 2368 Goettiiugius
733 2277 947 2367 Chrysippea
967 2262 1172 2345 emendatius
1191 2271 1281 2345 edita
1298 2301 1378 2366 par·

152 2414 158 2428 ·
257 2392 322 2457 tim
342 2411 386 2457 ex
407 2391 605 2458 Ruhnkenii
629 2392 803 2457 sententia.
850 2388 1032 2457 Maluimus
1054 2415 1116 2456 nos
1139 2413 1218 2456 uam
1246 2391 1377 2463 Wolfio

256 2504 351 2592 prius
376 2506 506 2583 locinn,
530 2516 570 2568 ut
591 2515 641 2569 est
656 2505 749 2591 apud
769 2503 937 2568 Galerium
957 2504 1170 2601 depravatus,
1192 2504 1374 2593 adponere,

256 2615 389 2701 iamque
410 2616 466 2682 hta
486 2616 639 2703 deinceps
659 2617 769 2682 dicere
787 2619 828 2682 de
849 2617 1119 2703 medela,'quam
1140 2618 1308 2705 coemptis
1319 2619 1377 2681 ad·

256 2725 438 2792 hibendum
460 2746 614 2822 censuere
634 2727 708 2796 VV.
733 2729 804 2794 ΠΙ).

299 2840 480 2908 Verissime
505 2842 653 2907 oorrexit
681 2841 905 2907 Ruhnkenius
926 2864 958 2907 v.
986 2846 1017 2906 3.
1039 2836 1258 2924 κεκασμένον,
1289 2867 1320 2909 v.
1345 2850 1376 2909 5.

257 2948 370 3040 Κοόρρ,
393 2944 490 3039 νόσφ’
505 2943 616 3042 Ἥρης,
647 2946 853 3041 παρελέξατο
885 2944 1113 3042 καλλιπαρῄῳ.
1156 2955 1261 3034 Nam,
1285 2958 1377 3044 quod

256 3063 484 3154 Goeuingius
497 3078 617 3145 uetera,
644 3079 682 3130 ut
706 3077 786 3130 sunt
805 3066 894 3153 apud
916 3065 1095 3146 Galerium,
1111 3067 1312 3152 relinquens,
1330 3091 1380 3132 sa·

255 3177 300 3242 tis
320 3174 443 3243 habuit
471 3167 696 3266 minuimur
725 3199 788 3267 pro
816 3169 1040 3265 ααλλνσαρῄοο
1062 3180 1219 3259 scribere,
1242 3202 1378 3258 vereor,

256 3301 296 3354 ut
313 3284 450 3378 probari
467 3292 584 3380 pessit,
600 3312 678 3357 oum
701 3287 811 3379 usipus
828 3278 1032 3378 παρεδέξατο
1054 3314 1122 3357 non
1136 3293 1257 3357 habeat
1274 3293 1380 3380 signi-

170 3400 175 3463 f
257 3402 464 3483 ficationem,
499 3423 582 3492 quae
607 3407 813 3492 requiritur,
835 3405 983 3493 coniugii
1000 3416 1036 3469 et
1056 3406 1261 3472 ooncubitus.
1307 3407 1380 3472 Re-

255 3515 341 3580 ctius
361 3516 450 3581 idem
468 3516 694 3606 Goettlingius
712 3542 744 3585 v.
770 3521 804 3584 6.
828 3519 968 3604 reliquit
989 3511 1103 3606 καίπερ
1125 3509 1214 3582 πολὺ
1236 3507 1380 3585 δινεύου-

256 3645 340 3711 σαν,
369 3650 432 3718 pro
454 3652 521 3717 quo
546 3629 770 3696 Ruhnkenius
788 3631 966 3719 legendum
985 3643 1156 3697 oensuerat
1176 3624 1292 3719 καίπερ
1313 3651 1381 3697 οσο-

255 3729 379 3830 antipa
404 3728 530 3807 iotae.
563 3743 712 3832 Namque
730 3756 765 3810 et
785 3744 941 3809 audacior
959 3745 1039 3809 haec
1059 3745 1247 3811 emendatio
1264 3757 1322 3824 est,
1345 3759 1382 3812 et

256 3854 393 3921 fortasse
417 3879 487 3922 non
506 3857 635 3945 indiget
658 3856 889 3927 emendatione
909 3859 1017 3936 locus,
1043 3857 1197 3944 quamvis
1215 3859 1299 3946 quid
1317 3882 1380 3924 au·

255 3980 328 4033 oter
352 3968 450 4034 verbo
471 3956 655 4035 δινεύουσαν
676 3970 824 4036 indicare
842 3970 1006 4048 voluerit,
1026 3969 1117 4035 haud
1138 3970 1216 4034 satis
1235 3981 1377 4035 nannet
1461 4014 1463 4113 ⁴

256 4080 405 4170 Heynius
428 4081 565 4169 quidem
593 4081 687 4148 Obss.
712 4083 751 4147 ad
781 4083 937 4170 Apollod.
964 4082 989 4147 Ι.
1019 4082 1080 4148 ΙΙΙ.
1101 4084 1134 4148 6.
1156 4083 1305 4170 explicat
1325 4107 1378 4146 re·
1462 4116 1463 4139 2

249 4206 444 4281 pugnantem
464 4208 497 4258 et
512 4194 596 4259 elabi
618 4195 779 4260 volentem.
824 4196 988 4271 Fortasse,
1008 4194 1097 4280 quod
1113 4192 1228 4260 Geeiio
1247 4217 1320 4259 meo
1334 4195 1376 4258 in

256 4318 402 4371 mentem
418 4308 522 4386 venit,
533 4309 770 4396 transponendi
782 4320 861 4372 sunt
878 4330 990 4374 versus
1009 4309 1079 4372 det
1090 4312 1121 4385 7,
1143 4319 1181 4370 ut
1202 4294 1376 4385 ἐξαπατῶν
