2967 5209
251 484 323 559 280
691 513 932 561 corruimus
1029 474 1032 481 ¹

252 686 399 750 vandum
422 686 534 749 locum
553 686 682 750 censuit
701 683 957 773 transponendis
976 682 1121 748 versibus
1140 684 1208 747 426
1242 695 1279 748 et
1305 684 1385 762 427,

254 807 291 859 nt
314 794 561 881 coniungantur
583 784 664 861 ἀλλ’
687 790 781 888 ἔχει,
804 789 844 867 ὡς
866 788 905 862 τὸ
917 783 1045 883 optimu
1058 785 1118 861 ἀπ’
1128 786 1250 886 ἀρχῆς
1262 790 1386 860 ἔπλετο

251 895 379 992 δασμὸς
409 901 472 971 Καὶ
503 902 602 996 γέρας
630 897 663 974 ἓν
692 902 773 998 γαίῃ
802 927 841 973 τε
872 902 932 975 uui
966 897 1083 997 οὐρανῷ
1112 897 1166 989 side
1209 898 1384 996 θαλάσσῃ.

250 1022 347 1086 Putat
375 1021 586 1086 Hermaunus
606 1024 644 1086 in
669 1021 763 1090 Ceus.
792 1022 974 1109 Goettling.
999 1041 1132 1085 versum
1157 1022 1226 1084 427
1260 1022 1302 1085 in
1323 1021 1386 1085 alia

249 1134 438 1198 recensione
465 1131 565 1203 fuisse
588 1146 662 1221 post
690 1159 723 1201 v.
747 1136 821 1201 413.
867 1134 974 1221 Quid,
996 1137 1041 1214 si,
1071 1135 1250 1199 intellecto
1276 1120 1311 1197 ἓν
1336 1133 1383 1221 (ut

243 1229 338 1334 Ἔργ.
365 1244 430 1333 18.)
455 1247 602 1335 legamus
622 1239 679 1311 uui
703 1236 828 1336 γεράων
851 1240 933 1337 γαίῃ
957 1265 996 1312 τε
1020 1268 1050 1313 κ.
1078 1267 1109 1312 τ.
1135 1235 1189 1311 a?

294 1497 350 1539 vv.
374 1474 559 1540 429-446.
583 1474 681 1561 Quod
705 1478 816 1541 multa
841 1476 1021 1541 hominum
1037 1474 1195 1539 exercitia
1219 1472 1382 1536 etiamad

252 1590 383 1653 Lunam
405 1589 459 1652 vel
484 1588 682 1679 necessario,
710 1590 765 1654 vel
792 1588 834 1652 ab
860 1587 1035 1654 industriis
1063 1586 1176 1675 peragi
1206 1583 1381 1660 solebant,

249 1700 410 1785 quaedam
422 1699 500 1763 adeo
517 1698 657 1781 meliore
668 1722 749 1763 cum
765 1722 909 1765 successu
923 1701 963 1764 ad
976 1693 1107 1764 Lunam
1119 1697 1379 1786 peragebantur,

250 1811 332 1875 hinc
353 1811 464 1886 Luna,
489 1821 529 1873 ut
547 1810 590 1874 iis
615 1811 782 1876 exercitiis
803 1823 901 1899 atque
918 1810 1089 1900 operibus,
1110 1811 1158 1874 ita
1176 1809 1378 1876 celebranti·

250 1927 311 1990 bus
330 1944 367 1990 ea
391 1922 501 1990 favere
521 1924 645 1989 credita
667 1936 714 1989 est
721 1946 730 2004 ;
755 1936 829 1988 tum
852 1925 935 2002 Dea,
958 1924 1055 1993 cuius,
1071 1934 1287 2010 praesentem
1309 1921 1375 1986 vim

250 2039 288 2102 in
309 2036 405 2102 rebus
428 2037 578 2125 physicis
603 2050 691 2103 terra
711 2038 864 2124 marique
883 2034 1110 2101 multifariam
1140 2035 1304 2099 homines
1322 2032 1377 2096 ob·

250 2160 445 2227 servassent,
478 2151 531 2214 vel
552 2149 724 2216 observare
747 2173 779 2214 se
798 2160 984 2237 putassent,
1010 2148 1101 2213 haud
1122 2149 1241 2212 minus
1263 2157 1376 2235 potens

251 2262 367 2329 habita
397 2273 445 2327 est
473 2263 511 2327 in
534 2262 689 2326 iuvandis
714 2260 978 2349 quibuscumque
998 2260 1180 2324 hominum
1204 2258 1328 2324 studiis
1346 2268 1375 2320 et

251 2374 389 2441 artibus.
436 2374 551 2460 Itaque
569 2375 671 2438 etiam
692 2373 733 2457 ab
752 2373 892 2438 Hesiodo
916 2373 1042 2436 dicitur
1065 2372 1202 2452 Hecate,
1226 2372 1255 2436 si
1278 2369 1372 2443 velit,

252 2486 364 2552 savera
378 2510 447 2551 non
469 2486 569 2550 modo
588 2484 777 2573 pastoribus
800 2483 844 2572 (v,
866 2485 931 2548 444
948 2481 1044 2571 seq.),
1068 2485 1229 2571 praedam
1250 2505 1308 2548 seu
1324 2503 1371 2545 ve-

252 2609 335 2662 natu
359 2620 415 2661 seu
434 2598 565 2686 piscatu
586 2595 776 2684 petentibus
798 2596 843 2684 (v.
870 2597 933 2659 442
954 2595 1048 2688 seq.),
1073 2596 1305 2683 equitantibus
1332 2592 1391 2683 (v.

255 2706 366 2797 439),
400 2709 604 2775 bellantibus
635 2708 681 2798 (v.
715 2710 775 2774 431
800 2706 922 2796 seqq),
948 2710 1004 2774 sod
1028 2710 1129 2774 etiam
1151 2711 1189 2776 in
1220 2710 1372 2774 concione
1443 2694 1444 2705 ¹

252 2821 439 2905 dicentibus
468 2822 512 2911 (v.
536 2819 644 2909 430.),
667 2821 799 2910 regibus
821 2821 874 2885 ius
893 2821 1106 2886 reddentibus
1125 2821 1170 2911 (v.
1194 2820 1288 2909 434.)
1298 2841 1309 2899 ¹,
1340 2819 1371 2881 iu

204 2938 212 2951 “
253 2957 354 3023 agone
372 2935 412 2999 de
433 2936 583 3022 praemio
604 2934 807 3000 certantibus
827 2933 873 3023 (v.
897 2933 999 3020 tat),
1020 2957 1103 3019 quae
1121 2936 1237 3000 omnia
1255 2935 1371 2999 diurna

252 3059 348 3113 orant
367 3047 537 3113 exercitia.
586 3046 717 3139 Obiter·
730 3048 929 3126 notandum,
951 3048 1088 3111 nullum
1109 3049 1164 3113 hio
1181 3050 1224 3114 de
1242 3045 1370 3133 magicis

253 3172 311 3224 aut
332 3160 469 3225 medicis
490 3152 617 3225 artibus
637 3158 780 3225 verbum
796 3157 881 3235 fieri,
901 3180 1044 3244 quarum
1063 3170 1213 3245 potentes
1228 3156 1370 3224 maxime

252 3272 351 3336 sacris
370 3271 504 3336 Hecates
526 3257 676 3336 initiatos
698 3270 911 3336 crediderunt
932 3269 1065 3357 posteri.
1120 3286 1124 3292 ’

220 3508 225 3511 ’
298 3521 331 3563 v.
357 3497 433 3563 429.
464 3484 543 3584 gid'
565 3485 667 3563 ἐθέλει
689 3485 847 3585 μεγάλως
875 3486 1108 3586 παραγὶνεται)
1135 3498 1285 3564 Verbum
1307 3509 1366 3555 uu·

252 3601 437 3699 ραγὶνεται,
459 3611 549 3697 quod
570 3610 607 3674 in
631 3609 694 3673 hoc
716 3610 757 3674 de
780 3609 898 3674 Hecate
917 3610 989 3674 loco
1004 3618 1056 3674 ter
1073 3610 1257 3688 invenitur,
1270 3625 1365 3690 neque

252 3724 336 3789 alibi
359 3725 449 3812 apud
478 3723 676 3800 Hesiodum,
707 3744 814 3814 neque
837 3745 974 3808 usquam
998 3724 1086 3810 apud
1105 3723 1288 3787 Homerum
1312 3737 1363 3781 ex·

251 3847 325 3901 stat.
373 3837 468 3901 Haud
491 3848 604 3901 tamen
626 3836 720 3912 inde,
744 3836 833 3920 quod
855 3834 1081 3922 Goettlingius
1103 3836 1195 3913 vult,
1221 3831 1359 3902 efficitur,

251 3972 316 4013 esse
348 3948 427 4014 haec
461 3950 558 4016 illata
592 3946 633 4013 ab
655 3945 907 4012 recentioribus.
951 3947 1037 4012 Nam
1058 3958 1137 4011 sunt
1159 3948 1260 4012 etiam
1281 3937 1360 4029 apud

251 4060 435 4127 Homerum
452 4063 578 4140 multa,
602 4081 686 4148 quae
705 4081 773 4124 uno
796 4070 931 4124 tantum
951 4060 1097 4125 alterove
1117 4061 1190 4125 loco
1210 4052 1358 4124 invenias.

250 4172 401 4259 Heynius
418 4175 555 4261 quidem
571 4174 611 4238 ad
630 4174 693 4238 hoo
714 4171 856 4238 verbum
873 4175 943 4238 non
958 4175 1113 4253 offendit,
1137 4175 1197 4263 qui
1219 4170 1307 4239 adli.
1324 4164 1354 4226 Y,

251 4284 325 4351 342.
360 4276 440 4374 μέγ’
472 4264 572 4366 {Sido
604 4286 653 4351 ibi
678 4283 828 4351 conserat
856 4310 933 4351 curn
968 4276 1127 4376 μεγάλως
1156 4274 1354 4375 παραγίνεταί

683 4558 692 4591 t
