2967 5209
479 557 509 602 ns
535 554 660 613 uasrom
683 554 896 602 nnocosnu.
1175 534 1245 608 357

173 746 205 791 v.
229 725 289 790 901
313 745 400 812 seqq.
435 724 584 793 Venusto
615 726 738 815 mytho
760 727 890 815 Iupiter
910 727 1052 792 alteram
1073 726 1249 815 coniugem

128 836 261 902 duxisse
280 836 445 916 Themin,
468 838 619 925 filiasque
641 862 685 906 ex
709 861 747 906 ea
770 839 944 927 suscepisse
966 839 1114 904 traditur
1132 839 1248 919 Horas,

128 948 329 1027 Eunomian,
356 949 476 1026 Dicen,
499 950 628 1017 Irenen.
675 926 731 1017 De,
743 950 908 1018 Themide
931 972 1031 1038 supra
1053 951 1184 1017 dictum
1208 953 1250 1018 ad
1290 973 1296 987 ·

127 1081 160 1124 v.
185 1062 258 1125 135.
304 1061 388 1126 Eam
405 1059 461 1125 hic
483 1064 581 1150 poita
602 1054 738 1151 λιπαρὴν
760 1075 873 1142 vocat,
894 1074 934 1127 ut
954 1085 1037 1128 mox
1060 1050 1183 1150 Εἰρήνην
1199 1080 1248 1128 re

126 1157 271 1236 lautas.
314 1170 457 1237 Matrem
476 1174 644 1241 Horarum
659 1177 808 1241 Themin
834 1175 1028 1242 habuerunt
1051 1176 1152 1240 etiam
1167 1175 1251 1241 Pin·
1272 1192 1276 1201 '

124 1283 226 1347 darus
247 1283 286 1349 in
305 1281 427 1371 fragm.
454 1287 542 1374 apud
563 1287 671 1355 Clam.
694 1288 794 1355 Alex.
817 1288 943 1356 Strom.
962 1288 1023 1357 VI.
1044 1311 1079 1377 p.
1098 1291 1160 1354 731
1182 1311 1248 1377 seq.

126 1397 189 1464 Ed.
214 1396 300 1461 Pott.
332 1395 488 1485 Apollod.
524 1399 901 1469 Ln1.1..Pausan..V.
926 1405 977 1469 17.
1001 1401 1074 1492 (ubi
1091 1401 1149 1466 hic
1170 1425 1252 1489 pro·

126 1508 256 1596 pinqua
277 1508 344 1574 sibi
368 1510 513 1576 invicem
541 1511 579 1579 in
603 1513 685 1579 Eleo
707 1514 847 1579 Iunonis
871 1514 1000 1602 templo
1024 1513 1199 1580 Themidis
1220 1524 1255 1578 et

128 1621 295 1687 Horarum
315 1620 409 1710 signa
432 1622 623 1713 memorat).
668 1625 854 1704 Eunomia,
874 1626 986 1705 ·Dics,
1018 1627 1113 1691 Irene
1138 1625 1255 1715 (bonae

127 1734 232 1821 leges,
253 1733 403 1814 Iustitia,
424 1732 506 1822 Pax)
526 1736 724 1805 hominibus
747 1729 832 1827 ἔργα
855 1740 914 1830 (ea,
930 1740 971 1805 de
988 1738 1110 1827 quibus
1119 1737 1255 1803 Hesiodi

127 1868 263 1911 carmen
282 1851 345 1934 est)
366 1840 527 1936 ὠρεύουσι,
550 1850 743 1917 custodiunt
763 1875 800 1918 ac
818 1865 969 1932 tuentur,
994 1852 1199 1938 faciuntque,
1216 1862 1257 1915 ut

127 1959 182 2023 sui
203 1959 342 2047 quisque
360 1959 486 2026 laboris
505 1959 659 2027 fructum
677 1964 854 2052 percipiat..
899 1965 988 2030 Hinc
1005 1965 1114 2030 dictae
1136 1964 1254 2029 Horae.
1313 2036 1316 2047 ,

128 2070 208 2139 Vid.
237 2070 406 2138 Cornutus
434 2074 475 2139 de
503 2074 543 2140 N.
571 2075 612 2141 Ι).
639 2098 668 2141 c.
692 2076 747 2141 29.
795 2074 861 2141 Has
888 2088 954 2140 tres
979 2076 1084 2141 Horas
1110 2076 1258 2164 agnoscit

128 2184 233 2248 etiam
253 2183 415 2249 Pindarus
443 2185 499 2253 Ol.
524 2186 617 2253 XIII.
641 2189 772 2275 dseqq.
816 2187 916 2275 Apud
938 2187 1125 2252 Homerum
1145 2199 1259 2253 autem

130 2299 173 2365 11.
197 2300 235 2366 E.
254 2300 319 2365 740
338 2322 425 2386 seqq.
449 2298 493 2364 Θ.
516 2302 583 2366 303
601 2321 687 2387 seqq.
717 2300 782 2365 433
813 2321 899 2385 seqq.
926 2297 1021 2365 Coeli
1046 2296 1176 2363 forium
1201 2322 1259 2363 cu·

129 2415 237 2480 stodes
254 2426 494 2480 ,memorantur
518 2413 626 2480 Horae
649 2414 724 2479 sinc
742 2414 885 2479 illarum
905 2415 1040 2494 numeri
1063 2435 1100 2478 ac
1113 2413 1261 2502 singula·

129 2550 211 2593 rum
233 2529 383 2594 nominis
402 2528 586 2593 mentione.
634 2527 675 2594 In
693 2549 826 2592 summo
847 2527 1036 2594 Elei-lovis
1052 2527 1136 2593 solio
1162 2547 1262 2616 super

129 2642 192 2710 Dei
218 2654 318 2731 caput
339 2642 490 2720 Phidias,
514 2640 655 2707 Hesiodo
675 2639 894 2719 consentiens,
916 2651 984 2705 tres
1006 2639 1112 2706 Horas
1126 2637 1260 2720 fecerat,

129 2765 213 2820 teste
242 2756 401 2821 Pausania
425 2755 466 2823 V.
492 2757 545 2821 11.
591 2754 661 2821 sed·
677 2767 788 2821 vetere
814 2752 1073 2820 Atheniensium
1097 2753 1261 2841 religione

128 2869 217 2934 duae
244 2880 379 2934 tantum
408 2868 515 2950 Horae
543 2868 753 2946 colebantur,
800 2867 909 2955 Carpo
933 2878 967 2932 et
994 2867 1118 2933 Thallo
1143 2866 1261 2933 dictae.

131 2979 211 3051 Vid.
242 2982 333 3048 idem
361 2982 536 3048 Pausanias
556 2982 599 3047 ll.
625 2983 680 3049 20.
724 2981 765 3046 In
786 2981 849 3046 hoc
867 2978 1005 3067 quidem
1028 2991 1263 3044 consenserunt

131 3117 265 3174 omnes,
294 3092 429 3160 felicem
459 3116 611 3160 annuum
638 3096 844 3183 proventum
872 3087 971 3182 ἔργων
1001 3091 1057 3156 his
1085 3090 1264 3179 praecipue
1326 3166 1340 3193 t

133 3206 263 3274 Deabus
284 3218 456 3294 acceptum
478 3229 545 3301 esqe
566 3204 792 3286 referendum,
815 3207 871 3271 sed
893 3206 981 3294 ipsas
997 3204 1102 3270 Horas
1121 3203 1183 3268 alii
1201 3202 1264 3268 ali·

135 3331 188 3385 ter
210 3316 423 3409 interpretati
444 3333 535 3399 sunt,
559 3343 638 3385 cum
659 3320 777 3407 utique
798 3319 996 3384 hominibus
1014 3319 1056 3384 ad
1075 3317 1264 3407 percipien·
1343 3358 1347 3367 ·

133 3433 220 3498 dum
242 3434 396 3520 optatum
417 3456 436 3497 e
456 3433 571 3498 labore
592 3455 653 3497 suo
675 3430 828 3498 fructum
841 3431 932 3497 haud
952 3431 1068 3497 minus
1085 3430 1193 3496 adesse
1208 3429 1264 3495 de·
1305 3465 1318 3485 ·

135 3546 255 3612 herent
284 3544 472 3612 faventium
504 3545 586 3611 anni
608 3556 864 3635 tempestatum,
897 3568 1000 3633 quam
1022 3545 1191 3611 bonarum
1211 3545 1264 3609 le-

135 3681 219 3748 gum
241 3658 453 3746 iustitiaeque
475 3670 509 3725 et
537 3658 628 3747 pacis
647 3659 831 3725 commoda.
869 3660 984 3747 Itaque
1003 3659 1106 3724 etiam
1125 3656 1264 3722 nomina

70 3779 76 3794 '
136 3785 216 3838 sunt
237 3771 336 3869 Horis
358 3772 424 3837 alia
446 3770 489 3835 ab
511 3771 587 3836 aliis
600 3771 759 3858 imposita
773 3794 809 3835 ac
827 3770 988 3836 similiter
1005 3769 1044 3834 in
1063 3789 1180 3833 earum
1201 3789 1265 3831 nu·

137 3907 231 3950 mero
262 3883 432 3951 variatum
462 3894 520 3949 ast.
567 3885 817 3973 Tempestatum
846 3882 927 3947 anni
955 3881 1041 3946 Deae
1062 3879 1134 3947 sine
1161 3878 1264 3946 dubio

136 4010 216 4063 suut
248 3988 322 4068 Acie
342 3991 440 4083 Ὧραι
469 3997 558 4083 apud
579 3996 765 4062 Homerum
787 3994 851 4061 Od.
876 3995 920 4059 Ω.
944 3994 1020 4060 344.
1050 3998 1089 4059 ac
1109 3993 1192 4057 tales
1213 4014 1265 4057 aas

139 4107 246 4175 ferme
266 4110 331 4175 sibi
354 4108 589 4176 informarunt
609 4109 757 4177 seriores.
780 4107 859 4176 Vid.
881 4106 1021 4172 Theocr.
1044 4105 1093 4172 ld.
1113 4104 1188 4171 XV.
1202 4106 1264 4170 102

137 4243 226 4310 seqq.
250 4222 387 4291 Pausan.
406 4222 432 4290 l.
445 4223 498 4289 40.
518 4221 675 4289 Ceterum
690 4221 806 4298 Horas,
822 4218 891 4285 sive
907 4219 999 4296 tales,
1010 4239 1067 4282 seu
1081 4218 1263 4284 secundum

11 4410 12 4431 ,
139 4333 319 4402 Hesiodum
345 4333 731 4414 tibiinf01·mes,facile
758 4322 950 4424 apparebit,
976 4354 1036 4396 our
1066 4331 1147 4396 illae
1172 4343 1265 4419 saepe
1357 4382 1361 4390 .
