2967 5209
470 536 501 580 m
527 535 648 582 nussum
672 536 873 583 rnaocounu
1030 558 1032 561 .
1154 511 1244 586 '369

33 698 40 709 ’
120 711 250 776 »verbis
272 699 304 775 ἓν
335 698 370 775 δὲ
403 704 469 780 τοῖς
494 701 586 795 μετὰ
619 708 729 773 cuitu
764 703 863 773 πλείω
885 697 1105 788 διεληλυθότος
1129 705 1239 773 edroi·

121 845 251 911 »nempe
265 832 376 911 posita
398 823 475 887 llaec
501 830 642 886 narratio
668 822 707 886 ab
735 821 860 887 Criticts
881 834 949 885 eret
965 830 1002 884 ἰ’νι
1024 831 1162 887 carmine
1183 822 1241 885 cli-

121 958 221 1024 »quo,
240 936 327 1025 quod
344 944 378 998 in
404 943 549 998 universa
567 933 793 998 Hesiodeorum
806 933 986 998 collectione
1001 948 1079 1020 post
1095 935 1242 1021 Theogo-

122 1057 227 1121 ›mium
243 1049 356 1136 ficerat
379 1047 600 1113 collocatum.'’
625 1045 723 1114 Conf.
749 1044 838 1112 idem
853 1069 888 1136 p.
906 1049 969 1114 498
987 1071 1052 1134 seq.
1083 1047 1172 1114 Mihi
1187 1070 1253 1123 ve-¹

118 1162 194 1225 rior'
213 1162 345 1229 videtur
365 1160 490 1231 Wolfii
513 1161 686 1238 sententia,
703 1162 862 1226 maxime
883 1160 1027 1227 diversas
1048 1161 1133 1225 olim
1153 1160 1243 1233 inter

119 1296 153 1337 se
181 1271 283 1337 fuisse
311 1273 471 1338 editiones
493 1272 652 1338 carminis
673 1272 843 1350 Hesiodei,
866 1271 1019 1358 mihique
1043 1272 1186 1337 indicari
1207 1273 1243 1337 id

119 1385 257 1449 videtur
277 1384 385 1450 verbis
401 1384 586 1473 Chrysippi
608 1376 694 1450 τίνων
706 1381 767 1471 μεν
783 1373 816 1451 ἓν
826 1377 869 1471 τῇ
882 1370 1081 1473 Θεογονίᾳ
1096 1375 1245 1473 γρονΦὸν·
1327 1452 1329 1456 ,

119 1487 342 1560 των-τίνων
363 1483 392 1560 δ’
412 1483 447 1560 ἓν
467 1488 616 1593 ἑτέροις
635 1488 744 1570 ἄλλως
762 1490 966 1587 γραφόντων.
1001 1498 1089 1562 Tum
1107 1498 1147 1561 ad
1168 1496 1244 1562 illas

122 1597 193 1673 tain
221 1609 366 1674 diversas
393 1609 482 1673 inter
508 1632 541 1674 se
563 1605 624 1676 τῶν
649 1601 842 1701 γραφόντων
865 1611 1024 1675 editiones
1052 1611 1107 1675 vel
1129 1631 1245 1675 recen-

122 1722 230 1785 siones
251 1719 423 1786 referenda
454 1733 536 1809 puto
565 1721 752 1812 Chrysippi
775 1722 891 1797 verba:
920 1715 936 1786 ὅ
959 1709 995 1789 δὲ
1017 1710 1166 1792 Ἡσίοδος
1188 1709 1245 1786 ἐπὶ

122 1826 223 1898 πλέον
249 1825 341 1922 λέγει
362 1820 395 1896 ἓν
421 1828 494 1904 rotie
516 1828 723 1923 Θεογονὶοοις,
754 1860 797 1902 ex
822 1836 943 1923 quibus
963 1836 1024 1900 ille
1044 1836 1247 1923 Theogoniis

105 1969 224 2012 ‚unam
250 1968 330 2033 prae
342 1947 458 2011 ceteris
481 1938 536 2026 eir
557 1941 733 2037 Θεογονίαν
755 1950 901 2026 dixerit,
922 1948 1048 2035 quippe
1068 1971 1169 2033 quam
1185 1971 1246 2012 ex-

123 2059 206 2122 imie
235 2056 353 2124 Critici
383 2070 423 2122 ut
451 2059 645 2146 Hesiodeam
675 2061 877 2148 probassent.
924 2059 1042 2127 Verbis
1079 2047 1246 2124 antemio
1334 2136 1340 2140 ἲ

123 2160 240 2256 ἑτέροις
271 2170 450 2256 quominus
478 2195 556 2236 cum
586 2172 794 2262 Goettlingio
823 2171 863 2262 (si
890 2186 1002 2238 tamen
1032 2172 1096 2236 hoc
1122 2171 1243 2257 voluit)

123 2282 221 2345 ulium
249 2286 378 2369 poetam
405 2284 549 2351 indicari
573 2295 705 2374 putem,
730 2287 858 2352 obstare
884 2286 973 2351 mihi
992 2284 1132 2351 'videtur
1151 2306 1246 2371 pree·
1278 2313 1281 2318 ·

123 2395 239 2459 cedens
263 2396 350 2483 apud
380 2395 613 2487 Chrysippum
638 2389 654 2463 ὅ
674 2387 844 2477 Ἡσίοδος,
866 2400 1018 2487 quodque
1042 2398 1192 2484 seqnitur
1213 2382 1247 2459 iv
1347 2434 1352 2444 ·

123 2493 160 2573 de
182 2501 255 2578 οοιῖς
276 2501 369 2594 μενοι
391 2508 502 2575 τοῦτο
525 2502 625 2601 πλείω
647 2498 869 2590 διεληλυθότος
895 2503 1035 2575 edroi:
1067 2510 1247 2598 quominus

123 2632 232 2686 autem
261 2646 338 2687 cum
361 2602 554 2690 Mnemellio
577 2610 610 2689 ir
630 2615 749 2712 ἑτέροις
770 2626 811 2690 ad
833 2625 922 2688 aliud
939 2623 1084 2691 referam
1105 2625 1144 2688 in
1169 2626 1248 2687 uni-

124 2755 217 2798 versa
238 2735 477 2801 Hesiodeorum
498 2736 695 2802 collectione
715 2760 863 2814 carmen,
885 2735 1023 2815 obstare,
1046 2734 1134 2822 quod
1152 2755 1246 2821 prae·

124 2846 229 2923 cedit,
252 2834 285 2911 ἓν
306 2841 378 2917 ταῖς
401 2834 602 2935 Θεογονίοοις.
648 2849 759 2937 Neque
784 2847 881 2914 facile
903 2849 994 2912 inter'
1011 2848 1136 2925 omnia,
1165 2868 1247 2931 quae

124 2957 299 3038 feruntur,
323 2960 481 3025 Hesiodea
505 2961 597 3025 aliud
619 2961 683 3026 tibi
703 2984 838 3026 carmen
864 2959 1049 3038 informes,
1077 2958 1137 3022 ubi
1155 2981 1246 3022 com·

124 3071 259 3136 modam
282 3073 391 3137 sedem
413 3073 569 3138 habuerit
591 3074 671 3138 haec
692 3075 733 3140 de
755 3075 877 3139 Metide
898 3073 1057 3152 narratio,
1072 3086 1245 3159 quuepro-

123 3180 210 3247 fecto
231 3185 440 3250 commodam
464 3186 568 3274 magis
590 3186 699 3262 sedem
716 3186 779 3253 vix
793 3185 954 3262 inveniat,
975 3196 1078 3270 quam
1090 3205 1157 3269 quo
1172 3183 1245 3247 loco

122 3295 266 3383 positam
288 3298 387 3362 illam
410 3296 510 3363 fuisse
532 3298 687 3384 arbitrati
709 3310 789 3363 sunt
810 3297 1050 3375 Ruhnkenius,
1072 3280 1243 3376 Wolfius,

96 3406 365 3495 'Goettlingium
397 3432 504 3497 neque
536 3423 598 3488 est,
629 3422 670 3474 ut
691 3410 791 3477 verba
812 3408 1000 3497 ‘Chrysippi
1021 3398 1113 3495 μετὰ
1136 3407 1244 3474 τοῦτον

121 3521 233 3607 potius
260 3544 338 3585 cum
374 3522 567 3589 Muetzellio
598 3523 742 3611 explices
769 3536 845 3609 post
876 3522 1088 3610 Theogoniam
1119 3531 1153 3586 in
1179 3516 1243 3586 clio

121 3642 271 3712 carmine,
291 3657 392 3721 quam
414 3635 614 3723 simpliciter
629 3649 705 3723 post
725 3635 793 3714 illa,
814 3658 894 3724 quae
913 3635 1013 3699 locum
1035 3636 1160 3698 denota
1177 3637 1243 3703 Mi.-

121 3772 217 3813 ncrvu
241 3750 306 3831 (vv.
332 3749 532 3837 ott-926.)
554 3750 765 3838 excipiebant.
811 3749 898 3814 Sunt
915 3760 1026 3813 autem
1047 3748 1141 3813 haec:
1160 3737 1243 3835 “Hpq

120 3849 152 3925 δ’
180 3852 372 3948 Ἥφοιιοτον
401 3854 539 3944 κλυτὸν,
569 3856 605 3926 οὑ
634 3853 790 3948 φιλότητι
818 3855 976 3949 mysiae,
990 3904 993 3909 ·
1008 3849 1158 3942 Γεῖνοοτο,
1185 3856 1241 3926 rui

121 3964 283 4058 ζαμένησε
306 3968 363 4041 κον)
385 3966 486 4063 ἤρισεν
507 3961 532 4064 ᾧ
555 3968 762 4062 ποοροινιοίτνι,
784 3976 821 4039 in
852 3973 991 4061 quibus,
1021 3974 1049 4038 si
1073 3985 1161 4038 recte
1188 3979 1241 4041 vi·

119 4086 197 4164 deo,
219 4087 307 4154 illud
330 4079 432 4177 ἤρισεν
454 4090 569 4175 inepto
591 4090 708 4175 politae
722 4088 925 4153 occasionem
939 4085 1103 4173 praebuit,
1120 4087 1240 4153 reiecto

120 4222 217 4265 versu
243 4203 323 4280 929,
347 4201 545 4267 subiiciendi
567 4188 605 4265 ἔνο
628 4196 751 4278 τούτοις
773 4185 872 4287 ’ἔριδος
892 4218 924 4263 νο.
946 4218 977 4263 τ.
1003 4200 1035 4264 λ.
1082 4198 1237 4266 Ceterum

7 4306 8 4309 ¹
119 4333 185 4376 esse
203 4312 299 4391 haec,
323 4338 404 4400 quae
426 4314 637 4401 Chrysippus
657 4314 695 4378 in
715 4337 774 4379 suo
796 4290 941 4399 quodam
965 4311 1096 4377 Hesiodi
1118 4314 1238 4376 carmi-

1037 4421 1085 4494 24
