2967 5209
476 501 506 546 ra
532 501 658 550 uestem
680 500 895 549 maocoauu.
1174 467 1247 544 207

120 687 200 731 rum
223 665 455 735 innatantium
475 681 509 737 et
531 669 666 740 Seleuco
687 683 776 739 certe
797 689 990 761 persuasam
1014 664 1098 746 fuit,
1122 666 1162 735 in
1183 664 1247 730 He·

119 778 240 847 siodeis
270 779 306 849 h.
335 782 362 876 1.
392 778 578 868 στεινομένη
608 810 678 852 non
705 807 799 874 posse
827 785 895 851 alio
917 803 1027 860 sensu,
1058 802 1161 868 quam
1182 801 1249 865 quo

118 894 265 982 accepit,
289 896 410 984 accipi,
434 899 522 986 quod
545 899 657 988 ipsum
678 901 719 966 ad
740 899 983 967 correctionem
1002 916 1081 971 eum
1095 891 1248 981 impulit.

118 1005 283 1077 offensum
305 1007 377 1075 illa·
389 1010 536 1079 rudioris
557 1012 675 1100 mythi
695 1012 853 1100 imagine.
892 1009 1000 1087 Mihi,
1024 1018 1064 1073 ut
1081 1004 1251 1073 Goettliu·

119 1121 191 1209 gio,
216 1117 353 1191 ferenda
375 1124 456 1191 haec
478 1127 623 1195 videtur.
669 1125 769 1207 Sane,
792 1128 821 1194 si
842 1125 1006 1214 mythum
1028 1121 1247 1210 simpliciter,

119 1245 160 1299 ut
177 1258 212 1305 se
235 1236 335 1303 verba
353 1237 495 1318 habent,
514 1242 714 1329 accipimus,
735 1241 955 1308 mirationem
975 1236 1083 1305 facere
1102 1260 1172 1302 non
1188 1257 1249 1323 po-

119 1358 204 1427 teat,
225 1349 316 1435 quod
341 1351 444 1417 Terra
473 1363 526 1419 tot
543 1350 806 1443 praegrandibus
824 1352 1011 1421 liberorum
1031 1348 1247 1437 corporibus,
1306 1402 1311 1411 ·

119 1459 275 1549 deinceps
306 1462 344 1527 in
374 1485 447 1531 eam
480 1463 655 1546 absumis,
679 1478 850 1535 oneratam
874 1488 907 1530 se
933 1464 1026 1533 intus
1050 1471 1250 1549 coangtuta·

119 1585 254 1660 tamque
277 1587 311 1640 et
329 1588 500 1663 gravatam
522 1580 641 1659 sensit,
665 1591 762 1666 atqua
785 1579 883 1657 hinc,
906 1590 946 1645 ut
971 1575 1101 1666 gravati
1123 1575 1248 1652 solent,

120 1687 303 1775 ingemuit;
328 1713 453 1777 neque,
478 1691 506 1757 si
529 1714 632 1780 porro
652 1694 770 1780 mythi
795 1714 928 1759 sensum
946 1690 1168 1778 requirimus,
1192 1685 1249 1753 ab·

118 1800 218 1865 surde
232 1801 279 1866 sie
292 1802 497 1891 significatus
511 1804 619 1872 rideri
634 1817 743 1894 potest
761 1818 869 1873 terrae
881 1816 994 1884 status,
1016 1802 1118 1871 initio
1134 1822 1250 1867 rerum

117 1914 303 1982 laborantis
331 1928 364 1982 et
386 1928 557 2006 gravatae,
584 1919 673 2006 quod
692 1918 863 1985 latitantes
886 1919 924 1984 in
949 1940 986 1984 ea
1009 1918 1098 1997 viras
1116 1917 1251 1983 exitum

117 2028 185 2094 sibi
216 2026 342 2095 frustra
372 2042 584 2118 quaererent,
618 2031 715 2097 cuius
742 2033 911 2098 indicium
932 2052 1026 2119 saepe
1046 2029 1110 2097 illa
1131 2026 1251 2095 feeerit

118 2141 268 2230 gemitu,
291 2144 400 2236 qualis
420 2155 530 2211 terrae
551 2157 687 2210 motum
709 2146 891 2233 praecedit.

165 2371 291 2477 '1¹⁶¹
314 2393 402 2458 seqq.
426 2371 546 2451 Terra,
567 2393 646 2437 cum
666 2369 800 2436 ferrum
817 2371 1045 2460 produxisset,
1069 2392 1114 2439 ex
1132 2390 1171 2437 aa
1184 2365 1251 2433 fal·

119 2504 194 2547 cem
226 2479 423 2563 fabricavit,
453 2506 516 2571 qua
549 2483 669 2549 deinde
688 2483 877 2549 liberorum
898 2484 969 2549 eius
990 2482 1113 2571 aliquis
1132 2492 1252 2553 contra

118 2606 254 2683 patrem
274 2607 370 2660 utens
388 2596 567 2684 generandi
590 2594 750 2662 facultate
771 2595 862 2662 huno
879 2596 1042 2685 privaret.
1087 2594 1139 2667 Ad
1162 2580 1254 2668 &lain

120 2725 246 2793 μαντος
268 2708 306 2774 iu
323 2706 380 2774 Gl.
400 2708 475 2775 Par.
495 2706 533 2777 C.
551 2708 594 2775 G.
616 2720 765 2788 notatur,
789 2732 854 2775 ease
876 2693 960 2780 ellos
981 2695 1121 2796 σιδήρου.
1166 2708 1253 2777 Fer-

119 2843 202 2886 rum
228 2821 372 2887 indicari
400 2821 478 2888 satis
507 2822 621 2910 arguit
647 2822 823 2910 epitheton
844 2815 985 2905 rauna,
1011 2824 1161 2889 solemne
1184 2821 1252 2887 Ho-

119 2936 288 3002 mericum
310 2937 351 3001 de
373 2932 474 3017 ferro,
492 2950 532 3003 ut
545 2923 634 3002 recte
647 2937 1085 3026 observavitGoettlingius.
1105 2937 1252 3021 Falconi,

119 3070 224 3135 quam
245 3051 343 3135 poeta
361 3047 417 3114 hle
434 3071 468 3114 v.
491 3051 566 3116 162.
590 3037 765 3137 δρέπανον,
785 3050 877 3115 idem
899 3047 1130 3116 iufrav.178.
1148 3034 1255 3136 ἅρπην

122 3172 230 3228 vocat.
279 3159 389 3226 Priori
409 3162 549 3227 nomine
571 3161 609 3226 iu
632 3162 695 3227 hac
718 3160 834 3228 fabula
856 3156 909 3229 usi
929 3174 1009 3228 sunt
1032 3160 1255 3231 Antimachus

122 3273 214 3362 apud
236 3272 407 3340 Plutardr.
432 3272 474 3361 Q.
497 3275 538 3340 R.
564 3275 618 3338 ta.
642 3297 677 3362 p.
703 3277 781 3341 275.
800 3276 842 3341 A.
865 3286 899 3341 et
915 3275 1091 3342 Pausanias
1103 3275 1180 3346 Vll.
1197 3278 1252 3345 23.

122 3386 306 3476 posteriora
328 3387 485 3476 Apollod.
510 3386 621 3455 LVI.
647 3391 679 3452 3.
704 3387 748 3454 Il.
773 3388 829 3457 lV.
857 3391 886 3456 1.

168 3611 406 3679 v.164.verba
426 3600 540 3683 aare.
562 3599 637 3697 ἐμοὶ
659 3606 717 3678 καὶ
735 3604 861 3703 scarpis
884 3602 1084 3685 ἀτασθάλου
1107 3617 1255 3704 explicat

123 3725 288 3792 Plauudes
309 3726 351 3791 de
372 3723 519 3814 Syutaxi
539 3749 574 3815 p.
601 3729 680 3807 159,
707 3729 748 3792 19
770 3749 834 3814 seq.

170 3974 205 4019 v.
239 3955 313 4021 165.
347 3944 472 4042 πατρός
492 3946 647 4036 mactis
668 3974 699 4022 κ.
723 3975 757 4020 τ.
776 3943 831 4041 λ.)
852 3953 1002 4021 Putanda
1025 3965 1073 4019 est
1095 3952 1175 4020 haec
1197 3953 1255 4019 di-

128 4088 204 4132 cens
225 4066 329 4137 Terra
359 4067 538 4137 ostendisse
557 4069 676 4144 libelis
698 4069 845 4139 ferream
866 4067 1008 4150 falcem,
1032 4091 1138 4157 quam
1157 4091 1255 4160 para·

130 4192 235 4250 verat.
