2967 5209
488 511 519 555 ιιι
544 509 667 556 ursioni
690 507 903 556 rneoeomru.
1180 480 1248 553 371
1286 486 1289 491 ’

135 701 205 744 non
221 679 260 742 ad
270 669 474 763 παρελέξατο
490 680 664 766 pertineat,
676 681 730 745 sed
741 681 783 743 ad
795 680 896 744 aliam
911 676 1137 755 traditionem,
1146 677 1251 753 cuius,

134 813 335 877 quamquam
350 789 459 881 obiter
470 801 504 854 et
516 790 696 868 obscurius,
708 790 836 855 mentio
848 788 933 854 facta
943 787 985 851 ab
996 787 1136 853 Hesiodo
1147 812 1176 854 v.
1187 791 1252 854 889

134 925 197 989 seq.
224 903 367 969 Minime
380 902 515 988 quidem
528 904 714 981 admittam,
727 904 813 989 quod
828 924 890 989 pro
906 886 1091 966 δινεύουσα
1105 900 1251 968 Orellius

132 1014 294 1104 seriptum
307 1002 417 1078 voluit
431 1003 633 1080 θιννεθονσαν.
643 1049 689 1066 ·-
700 1017 822 1082 Versus
836 1018 868 1094 9,
885 1025 1021 1079 notante
1033 1014 1250 1094 Ruhnkenio,

129 1138 180 1192 est
193 1146 237 1192 ex
246 1125 344 1191 Hom.
360 1126 400 1190 Il.
417 1126 457 1192 Δ.
470 1128 543 1191 166.
560 1128 613 1192 vel
623 1149 667 1192 ex
684 1127 757 1192 Hes.
766 1111 862 1216 ’'Ep‘y·
876 1130 927 1193 18.
953 1128 992 1192 ln
1007 1150 1039 1194 v.
1055 1128 1095 1190 14
1105 1128 1253 1192 correxit
1271 1162 1274 1167 ·

130 1239 221 1304 idem
245 1225 408 1316 ’hiaverint
427 1227 541 1326 μήτηρ·
590 1240 713 1305 Lenior
730 1250 765 1304 et
780 1239 962 1326 elegantior
984 1251 1031 1303 est
1052 1238 1252 1326 Goettlingii
1315 1216 1317 1225 Ι

130 1351 291 1416 correctio
325 1338 485 1437 Ἀθηναῖοι.
543 1350 614 1418 Cur
638 1361 752 1416 autem
781 1353 842 1416 ille
869 1374 931 1438 pro
960 1346 1101 1430 τέκτννα
1132 1351 1253 1418 Galeni

131 1455 287 1527 τέκταινα
315 1463 498 1551 scripserit,
528 1464 619 1528 haud
641 1465 809 1549 adsequor.
862 1463 1004 1531 Versum
1033 1468 1254 1532 resumtum

130 1578 369 1645 animadvertit
387 1578 611 1645 Ruhnkenius
635 1601 679 1644 ex
699 1579 832 1645 Hesiodi
856 1603 885 1644 v.
907 1582 990 1659 8893
1014 1579 1051 1643 in
1070 1598 1102 1645 v.
1128 1581 1178 1647 16.
1201 1580 1252 1644 le-

129 1692 275 1780 gendum
293 1692 421 1757 censuit
440 1679 596 1757 ἒιιθκαστ’
612 1679 781 1780 (ἐκέκασθ’
804 1689 945 1779 Goettl.)
969 1678 998 1754 oi
1014 1685 1089 1757 ’0)ι.
1103 1679 1137 1757 δ.
1148 1683 1254 1780 ’ἐχου-

126 1820 192 1868 σιν·
222 1825 256 1871 v.
279 1806 329 1870 18.
359 1804 571 1884 scribendum
602 1791 718 1889 Ἀθήνῃ
760 1805 797 1870 in
822 1806 936 1870 dativo
967 1802 1028 1869 »ut
1060 1827 1171 1871 sensus
1191 1806 1251 1882 sit,

127 1917 251 2002 inquit,
268 1918 365 1981 Metis
383 1918 525 2005 aegidem
536 1918 701 1982 Minervae
712 1927 747 1980 in
757 1919 849 1983 Iovis
862 1941 993 2005 corpore
1007 1904 1253 2005 (ἓντδς)]ὀοἰι.”

130 2029 273 2116 Reliqua
287 2028 459 2118 (corrupta
473 2033 512 2096 in
530 2053 563 2097 v.
590 2028 657 2117 16.)
673 2032 840 2117 quomodo
859 2032 1059 2120 corrigeret,
1079 2030 1204 2097 nescire
1221 2054 1254 2095 sc

129 2143 232 2208 fassus
253 2154 311 2209 est
334 2142 535 2213 Welokerus
557 2131 668 2210 mitem
686 2145 724 2208 in
746 2145 873 2233 Trilog.
890 2145 1046 2232 Aeschyl.
1063 2167 1096 2232 p.
1119 2145 1196 2211 278.
1216 2145 1254 2211 in

129 2267 219 2334 nota,
240 2278 370 2320 versum
385 2259 425 2320 13
445 2268 479 2321 et
492 2278 576 2343 seqq.
598 2258 636 2322 in
655 2256 875 2345 Chrysippeis
894 2258 1101 2323 divellendos
1119 2268 1252 2343 putata

127 2368 366 2457 superioribus,
388 2380 506 2458 utpote
525 2371 661 2436 tertiam
679 2370 875 2436 exhibentes
889 2371 929 2436 de
943 2370 1066 2437 Metide
1084 2370 1253 2435 narratio-

105 2529 111 2538 .
128 2504 218 2560 nem,
232 2486 297 2568 q'ua
310 2482 398 2548 dicta
420 2483 498 2548 haec
511 2481 618 2548 fuerit
630 2475 775 2563 τέκτννοι
786 2469 913 2548 δικαίαν
935 2483 1111 2568 eademque
1126 2481 1253 2575 Orphi-

128 2616 166 2658 co
183 2616 334 2660 sermone
357 2582 477 2681 Θέμις,
497 2609 688 2684 postquam
704 2616 820 2663 vocem
837 2596 1123 2684 distinguendum,
1139 2608 1255 2661 contra

129 2716 202 2792 post
222 2729 354 2772 versum
379 2711 687 2795 antepenultimum
716 2708 865 2773 tollenda
884 2708 1056 2793 distinctio
1083 2707 1144 2773 sit:
1169 2720 1253 2772 atta-

128 2839 207 2881 men
222 2816 347 2883 fatetur
366 2821 549 2907 asyndeton
564 2829 753 2907 suspectum
768 2820 809 2883 de
823 2820 1014 2906 corruptela
1029 2843 1061 2885 v.
1079 2820 1119 2881 14
1136 2817 1253 2883 facere.

129 2931 295 3017 Equidem
308 2944 506 3019 corruptum
527 2931 618 2997 haud
632 2930 733 2996 dubie
752 2952 886 2994 versum
900 2932 1003 2994 illum
1019 2948 1178 3008 censeam,
1200 2932 1252 2994 vel

128 3044 157 3109 si
167 3055 314 3109 ceterum
334 3044 517 3131 probabilis
531 3044 694 3109 habeatur
702 3042 878 3112 Welckeri
889 3043 929 3108 de
939 3044 1037 3107 tertia
1047 3044 1250 3117 narratione,

128 3157 250 3221 seriore
270 3157 335 3223 illa
350 3169 447 3245 atque
468 3155 610 3245 Orphici
632 3156 772 3244 generis,
792 3155 919 3243 opinio.
951 3155 1160 3244 Corruptum
1178 3178 1252 3221 ver·

128 3290 203 3332 sum
226 3290 380 3334 censuere
400 3269 502 3334 etiam
521 3266 754 3345 Ruhnkenius‚
772 3267 1009 3354 Goettlingius,
1030 3267 1251 3333 Hermannus.

128 3379 191 3446 Sed
200 3381 404 3447 Ruhnkenio
419 3381 523 3460 nihil,
539 3402 606 3468 quo
620 3380 829 3467 corruptelae
839 3380 1038 3458 mederetur,
1050 3380 1088 3446 in
1104 3393 1251 3445 mentem

126 3494 240 3561 venit‘
262 3494 488 3583 Goettlingius
502 3495 540 3560 in
554 3517 608 3582 pr.
623 3494 684 3560 Ed.
706 3493 842 3581 scripsit
857 3474 957 3558 ’Ἔνθα
980 3480 1039 3558 θεὶκ
1056 3481 1252 3582 ταρέλεχθ,

127 3597 146 3685 ἡ
168 3602 229 3692 μὲν
250 3596 427 3692 παλάμαις
449 3595 666 3695 nepisinos
685 3594 873 3671 Ἀθανάτων
893 3592 1060 3686 ἐκέκασθ’,
1080 3599 1109 3669 οἱ
1120 3593 1198 3668 'oa
1221 3594 1251 3670 δ.

126 3711 266 3809 ἔχουσιν
280 3721 329 3810 (in
341 3721 403 3786 Ed.
414 3722 474 3787 alt,
489 3708 650 3785 ἐκέκαστο
659 3716 732 3783 ’Ort
741 3705 771 3784 δ.
785 3706 955 3808 ἐχόντων).
979 3717 1042 3783 Sed
1055 3710 1117 3801 μὲν
1131 3740 1169 3783 eo
1179 3719 1252 3783 loco

127 3843 212 3897 stare
235 3835 362 3921 nequit,
380 3847 413 3899 et
431 3821 618 3924 ταρέλεχθ
642 3832 867 3920 explicatione
889 3833 1056 3896 duntaxat
1070 3829 1251 3918 indigebat.
1378 3901 1380 3905 ,

128 3942 337 4010 Hermannus
367 3948 405 4010 in
424 3958 426 3965 ’
443 3945 711 4033 Goettlingianae
746 3965 884 4008 cetnura
909 3942 1086 4029 legendum
1113 3943 1249 4008 statuit:

120 4040 220 4121 ’Ἔνθα
249 4045 308 4123 θεοι
338 4045 519 4145 παρέδεκτο
552 4058 607 4147 (so.
622 4045 681 4121 -scl
711 4043 860 4141 δι’καια),
891 4044 960 4120 θθεν
979 4041 1157 4137 ταλάμαιο
1179 4049 1253 4142 περὶ

128 4158 259 4235 τοὶνταν
278 4160 464 4240 Ἀθανάτων
482 4162 644 4239 ἐκέκαστο
667 4166 843 4256 Ὀλύμπια
864 4157 992 4255 δώματ’
1013 4157 1172 4257 ἔχονται,
1193 4167 1252 4233 ubi

129 4305 189 4346 cur
216 4282 253 4347 in
282 4284 457 4371 postremis
488 4311 506 4351 a
527 4286 725 4352 Ruhnkenii
749 4295 783 4349 et
807 4282 1009 4369 Goettlingii
1030 4281 1172 4348 lectione
1192 4305 1251 4346 re-

1031 4395 1109 4467 24*
