2967 5209
145 448 149 455 '
278 435 375 509 288x
721 457 964 508 consumamus

279 625 399 712 τέπινε,
422 642 461 696 ut
482 654 513 698 v.
539 633 614 696 472.
650 622 773 718 πατρὸς
796 624 858 697 ἑοῖο
881 634 921 697 ad
944 632 1073 697 Rheam
1095 631 1306 710 referendum
1333 636 1386 715 sit,

279 746 416 830 ultaque
450 743 529 810 haec
556 744 687 809 dicatur
716 733 830 832 ἓριννῦς
852 746 958 832 putris
985 746 1038 810 sui
1060 746 1177 823 Vrani,
1205 745 1322 832 quibus
1339 748 1388 813 ille
1438 820 1439 823 Ἴ

278 855 428 923 Cronum
443 857 622 922 devoverat
635 857 677 922 ob
698 856 826 923 facinus
842 871 1178 946 supramemoratum
1195 883 1228 926 v.
1245 863 1386 949 180saqq.

278 967 379 1058 (conf.
403 981 435 1035 et
453 993 484 1036 v.
507 968 597 1057 209.)
619 981 651 1033 ct
664 971 766 1036 simul
778 957 903 1058 ‘ipsuis
923 958 1057 1044 sallus.
1072 971 1388 1059 quosCronusdevo·

276 1093 416 1149 raverat.

319 1332 352 1374 v.
374 1310 436 1375 477
460 1331 545 1396 seqq.
569 1310 759 1376 Parituram
782 1310 896 1375 Iovem
911 1310 1042 1375 Rheam
1061 1322 1215 1398 parentes
1237 1312 1273 1375 in
1287 1334 1384 1398 agrum

276 1422 392 1488 Cretae
424 1423 569 1511 Lyctum
602 1423 732 1491 misere.
779 1424 819 1488 In
852 1423 987 1490 Cretam
1014 1423 1107 1489 Rhea
1131 1447 1213 1488 curn
1244 1424 1384 1500 venisset,

275 1551 395 1601 natum
415 1559 459 1600 ax
480 1559 517 1600 ea
541 1559 686 1624 puerum
707 1538 827 1615 Terra,
844 1549 1003 1624 tanquam
1026 1514 1130 1622 pauiu,
1154 1536 1299 1623 suscepit
1311 1537 1383 1600 alen·

273 1648 356 1712 dum
373 1648 500 1713 ibidem
519 1648 790 1736 educandumque
804 1648 850 1738 (v.
864 1646 1064 1738 477-479.)
1083 1637 1222 1729 ἒθέξατο
1245 1648 1290 1737 (v.
1315 1643 1383 1732 479.)

274 1762 413 1850 proprio
433 1784 528 1826 sensu
551 1760 698 1841 dictum,
718 1775 760 1827 ut
776 1785 907 1851 semper
926 1766 1014 1852 apud
1027 1765 1222 1829 ¹Homerum
1241 1773 1273 1826 et
1292 1761 1395 1825 Hesio.

272 1875 373 1952 dum,
408 1894 493 1952 non,
517 1897 583 1960 quo
607 1874 634 1939 l.
662 1874 703 1941 Η.
725 1875 860 1941 Vossius
886 1878 1030 1964 accepit,
1053 1875 1289 1965 promittendi.
1309 1871 1383 1937 Rhea

273 2000 388 2069 autem
413 2010 473 2076 per
495 1999 646 2067 noctem,
671 2012 738 2074 quo
759 1989 866 2077 magis
884 1988 1037 2068 falleret,
1059 1988 1238 2076 abreptum
1256 1987 1293 2050 in
1306 2006 1383 2047 mcu-

274 2115 350 2167 tana
373 2102 472 2189 Lycti
500 2124 644 2190 puerum
668 2102 825 2192 (namque
847 2106 1012 2191 Lyctum,
1036 2104 1194 2192 primum
1212 2102 1272 2167 illa
1295 2092 1381 2180 venit)

273 2216 323 2281 ibi
343 2216 380 2289 in
400 2216 526 2303 sylvcsi
550 2216 677 2281 montis
701 2218 819 2305 Aegaei
838 2229 975 2281 antrum
998 2215 1207 2281 abscondidit
1230 2214 1275 2304 (v.
1296 2212 1383 2276 480-

275 2328 386 2417 484.);
406 2330 496 2419 patri
515 2353 592 2394 vero
613 2351 676 2416 pro
696 2352 802 2416 puero
826 2328 935 2395 fasciis
955 2330 1153 2395 involutum
1173 2328 1315 2416 lapidem
1332 2324 1382 2393 de·

272 2442 462 2508 vorandum
483 2441 574 2506 dedit
593 2448 635 2523 (v.
659 2443 721 2507 485
740 2439 857 2529 seqq.).

193 2622 198 2631 ,
318 2554 439 2642 Mytbo
470 2553 511 2618 de
542 2551 754 2619 Cretensibus
787 2554 875 2620 lovis
899 2534 1067 2620 natalibus
1091 2555 1258 2644 originem
1280 2548 1382 2616 dedisse

274 2669 418 2738 videtur,
441 2666 531 2752 quod
550 2664 586 2731 in
611 2664 783 2731 Graeciam
806 2689 850 2731 ex
865 2665 964 2733 Creta
988 2668 1157 2755 primum,
1173 2670 1228 2735 vel
1243 2662 1379 2732 maxime,

272 2783 381 2847 delata
408 2791 456 2845 est
484 2779 572 2843 Iovis
602 2780 732 2867 religio.
781 2779 870 2845 Cum
893 2791 1006 2844 autem
1032 2781 1110 2845 iude
1134 2781 1287 2868 primum
1311 2770 1380 2862 apud

274 2895 400 2961 vicinos
417 2893 533 2959 Cretae
549 2893 801 2983 Peloponnesios
815 2893 1022 2971 invaluisset,
1038 2894 1143 2959 altera
1162 2892 1276 2959 fabula
1295 2883 1379 2953 exsti·

148 3008 150 3011 ’
272 3010 318 3073 tit
339 3009 379 3073 de
399 3018 478 3072 nato
496 3007 534 3070 in
554 3005 712 3071 Messenia
737 3007 790 3071 vel
815 3005 953 3071 Arcadia
977 3007 1064 3072 Iove.
1087 3007 1166 3073 Vid.
1191 3007 1320 3071 Pausan.
1334 2995 1380 3061 IV·

275 3127 328 3187 33.
351 3121 442 3189 VIII.
468 3123 522 3185 38.
568 3120 633 3184 Has
657 3117 788 3184 fabulas
809 3120 857 3184 ita
876 3119 914 3184 in
935 3120 1151 3184 concordiam
1171 3117 1314 3204 redigere
1326 3119 1380 3173 stu·

182 3241 213 3257 '
273 3234 350 3299 duit
380 3232 517 3301 Callim.
547 3233 588 3298 H.
618 3234 655 3297 in
681 3233 751 3298 Iov.
780 3235 820 3299 10
842 3255 950 3320 seqq.,
973 3244 1013 3296 ut
1032 3232 1070 3296 in
1092 3230 1265 3299 Parrhasio
1283 3230 1379 3290 monte
1438 3232 1440 3255 ³

275 3346 433 3430 Arcadiae
452 3356 582 3424 natum,
605 3348 643 3410 in
665 3346 764 3412 Creta
785 3345 1015 3411 absconditum
1037 3357 1071 3409 et
1094 3346 1269 3411 educatum
1282 3339 1377 3402 lovem
1438 3364 1439 3367 ¹

274 3460 408 3524 diceret.
455 3455 623 3523 Cretenses
645 3456 774 3522 fabulas
795 3457 920 3523 habent
938 3458 1040 3521 etiam
1063 3455 1182 3523 Strabo
1200 3457 1241 3522 X.
1262 3474 1296 3541 p·
1315 3446 1375 3510 468·

275 3572 372 3644 Diod.
395 3569 460 3638 Sic.
480 3571 522 3636 V.
548 3574 601 3637 70.
648 3573 709 3637 Eas
734 3581 877 3649 secutus,
902 3570 1060 3635 Hesiodus
1082 3559 1183 3636 etiarn
1205 3570 1266 3634 hoc
1282 3558 1377 3628 incul-

232 3690 238 3699 '
274 3707 348 3749 care
368 3684 494 3762 voluit,
519 3683 607 3772 apud
630 3683 775 3769 Lyctum
796 3693 915 3745 natum
939 3705 1004 3746 esse
1022 3682 1144 3749 lovem.
1177 3680 1255 3748 Fuit
1270 3676 1375 3760 Lyctus

273 3821 300 3862 s.
330 3798 451 3885 Lyttus
481 3783 698 3886 ἀρχαιοτάτη
727 3785 901 3859 scissuris
926 3781 1188 3881 Kprirnr'rro‘leos
1217 3785 1374 3858 secundum

274 3907 454 3996 Polybium
480 3908 536 3974 IV.
559 3908 612 3974 54.
636 3905 734 3974 Conf.
755 3908 854 3973 Hom.
884 3908 926 3973 ll.
947 3910 982 3974 B.
1007 3910 1083 3973 647.
1104 3910 1138 3975 Ρ.
1161 3910 1234 3973 611.
1278 3901 1373 3981 ltaque

272 3999 639 4107 'probabiliter'dicitur
659 4020 805 4107 Lyctum
819 4020 972 4115 primum
984 4022 1113 4087 delatus
1132 4023 1265 4111 Iupiter.
1293 4009 1371 4077 ΜΟΙ18

276 4134 419 4220 Aegaeus
434 4133 476 4197 ab
492 4157 558 4199 uno
574 4144 780 4199 memoratur
797 4133 937 4200 Hesiodo
951 4135 989 4199 h.
1008 4136 1047 4213 l.‚
1065 4128 1158 4200 cuius
1175 4122 1370 4200 enarratione

274 4246 463 4333 colligitur,
488 4259 638 4312 montem
654 4269 729 4310 eum
752 4269 821 4310 non
835 4247 934 4334 longe
953 4246 994 4311 ab
1015 4247 1119 4334 Lycto
1140 4243 1283 4312 abfuisse.
1303 4232 1368 4298 Emt
