2967 5209
1155 372 1164 413 l

215 458 218 467 ’
249 453 322 529 348
692 476 933 527 consessurus
1176 440 1186 460 ⁶

249 650 404 739 anguinis
424 650 546 728 caudis,
569 649 610 715 ad
626 651 737 740 capita
758 652 861 717 etiarn
879 649 980 716 barba
1001 661 1034 715 at
1054 650 1196 739 capillis.
1232 650 1382 718 Causam
1442 706 1443 725 ,

217 806 230 833 ι
249 762 491 829 attributorum
519 761 680 851 Typhoni
702 775 837 828 centum
865 763 1016 851 capitum
1039 763 1117 828 satis
1146 763 1301 829 indicant
1323 786 1381 829 vv.
1443 784 1444 789 ¹

249 878 315 945 829
324 897 422 963 seqq„
437 876 557 962 quibua
573 875 728 963 mythico
740 898 893 941 sermone
907 875 995 943 varii
1008 875 1222 942 declarantur
1236 876 1382 965 Typho-

249 992 302 1055 nis
324 991 488 1078 procellae
510 992 594 1057 soni.

294 1101 405 1168 Schol.
441 1101 600 1189 Aeschyli
633 1102 658 1166 l.
683 1125 712 1166 o.
736 1093 1013 1190 ἑκοοτογκέφοολον
1037 1090 1190 1187 Τυφῶνα
1210 1100 1316 1186 dicit,
1338 1091 1381 1164 ri-

249 1202 379 1279 πάντων
402 1200 507 1300 θηρίων
533 1204 651 1300 ἀγρίων
680 1204 810 1303 ’ἔχοντα
832 1204 1007 1299 sudatur,
1041 1213 1090 1278 ibi
1116 1235 1247 1278 memor
1273 1213 1379 1301 magis

249 1350 381 1405 eorum,
405 1349 487 1413 quae
510 1339 694 1412 sequuntur
717 1350 773 1394 vr.
799 1329 992 1408 831-834,
1016 1350 1117 1416 quam
1140 1326 1243 1392 huius
1266 1326 1346 1392 loci,

292 1553 414 1621 Versds
445 1553 510 1618 826
539 1553 607 1619 fine
629 1555 842 1620 scribendum
866 1555 1078 1620 Hermannus
1099 1555 1137 1619 in
1157 1553 1377 1642 Goettlingia·

248 1687 309 1731 naa
331 1687 468 1730 censura
489 1676 588 1752 putat
609 1653 642 1731 iv
663 1654 700 1731 δέ
722 1660 752 1731 οἱ
775 1659 897 1739 ὅσσων,
922 1677 962 1730 ut
985 1667 1029 1731 sit
1050 1653 1083 1731 ἓν
1107 1653 1143 1733 δὲ
1175 1658 1376 1753 κεφαλῇσιν

247 1779 393 1841 alterum
415 1787 526 1839 autem
549 1763 587 1840 ἓοο
611 1765 647 1843 δὲ
670 1801 714 1843 ex
737 1779 803 1844 alia
825 1778 1019 1843 remansisse
1040 1778 1243 1854 recensione,
1264 1779 1376 1863 inqua

247 1911 310 1976 pro
339 1911 436 1956 versu
461 1911 526 1976 seq.
551 1888 657 1956 suerit
678 1878 716 1954 iu
741 1879 779 1954 δέ
804 1883 833 1955 οἱ
858 1882 962 1957 ὅσσων
986 1877 1186 1956 nascituris
1209 1883 1376 1975 κεφαλέων

246 2000 310 2089 πῦρ
327 1992 450 2067 ,καίετο
471 1988 683 2088 δερκομένοιο.

293 2250 325 2292 v.
342 2230 418 2294 827.
442 2215 501 2292 ὑπ’
521 2219 641 2314 lupum
662 2227 725 2314 πῦρ
744 2215 939 2314 turipum,
961 2239 1000 2291 ut
1009 2227 1154 2306 Hesiodi,
1169 2227 1252 2292 citat
1263 2229 1374 2317 Etym.

249 2341 294 2406 M.
316 2365 350 2429 p.
373 2344 427 2406 77.
456 2342 510 2408 28.
538 2338 636 2408 conf.
663 2340 834 2407 Guarinus
855 2364 890 2429 p.
918 2343 992 2409 136.
1018 2346 1061 2407 50
1083 2364 1148 2429 seq.

294 2589 325 2632 v,
350 2567 416 2634 828
436 2566 590 2654 spurium
615 2565 743 2631 censuit
769 2564 1011 2643 Ruhnkenius,
1036 2564 1092 2629 oui
1116 2564 1315 2653 suffragatus
1333 2576 1375 2629 est

248 2679 413 2759 Wolfius3
438 2679 571 2743 uncinis
596 2678 762 2743 inclusere
783 2675 888 2744 Gaisf.
912 2678 1013 2744 Dind.
1037 2676 1221 2765 Goettling.
1267 2677 1375 2744 Must-

248 2792 348 2857 zellio
369 2813 498 2879 quoque
519 2814 554 2878 p.
581 2793 654 2858 117.
673 2790 763 2855 visus
783 2801 831 2855 est
850 2791 942 2856 nihil
957 2790 1139 2869 continere,
1159 2791 1248 2877 quod
1262 2791 1375 2880 proxi·

248 2906 314 2970 mis
345 2904 455 2971 verbis
484 2929 554 2970 non
577 2903 684 2969 fuerit
707 2903 843 2990 plenius
873 2915 907 2968 et
936 2904 1119 2992 elegantius
1140 2904 1374 2978 enunciatum,

249 3041 351 3107 quare
371 3018 539 3084 iudicium
566 3018 628 3083 ille
655 3017 770 3082 laudat
793 3015 1007 3094 Mombritii,
1023 3018 1083 3103 qui
1111 3029 1240 3084 vertere
1264 3018 1376 3105 negle-

202 3180 212 3187 -
249 3133 357 3210 xerit,
382 3144 480 3218 atque
499 3133 569 3219 ipse
593 3129 678 3208 fere,
707 3141 747 3193 ut
768 3128 995 3217 Goettlingius
1019 3142 1051 3196 et
1071 3131 1304 3210 Hermannus,
1327 3131 1376 3195 hle

249 3244 290 3308 de
312 3244 378 3309 alia
397 3244 615 3330 cogitandum
630 3241 820 3306 recensione
839 3251 948 3328 putat.
994 3241 1106 3329 Neque
1124 3265 1182 3330 ego
1201 3243 1375 3310 vehemen-

249 3356 318 3419 tius
348 3377 514 3443 repugno,
547 3354 680 3419 tametsi
710 3345 843 3419 πασέων
864 3352 920 3418 hic
948 3355 1057 3420 videri
1081 3355 1186 3443 possit
1215 3355 1374 3420 maiorem

249 3467 344 3557 prius
369 3466 468 3530 dictis
495 3465 673 3553 emphasin
697 3466 833 3544 addere,
867 3477 907 3530 ut
936 3467 1084 3533 voluerit
1109 3470 1225 3555 polita,
1252 3466 1375 3555 quoties

249 3580 431 3669 adspiceret
449 3578 613 3666 Typhon,
637 3600 680 3643 ex
699 3578 856 3643 omnium
877 3576 980 3644 simul
1004 3579 1157 3667 capitum
1181 3580 1254 3645 eius
1272 3578 1374 3645 oculis

197 3739 200 3748 .
249 3691 362 3779 ignem
386 3688 542 3776 erupisse.

294 3938 325 3979 v.
345 3917 518 4000 830seqq.
545 3903 671 3979 liddon
695 3901 727 3979 d'
753 3900 837 3978 αὖτε
860 3933 892 3976 κ.
913 3932 944 3979 τ.
956 3916 989 3978 λ.
1012 3914 1175 3977 interdum
1201 3922 1370 3977 iturorum

249 4026 382 4090 edebant
405 4024 500 4114 (haec
526 4022 668 4113 capita),
695 4039 729 4088 ut
758 4026 829 4088 Diis
862 4023 1003 4112 (liceret)
1030 4024 1217 4112 intelligere.
1264 4023 1371 4110 ltaque

230 4139 395 4213 Deorum
415 4160 567 4203 sermone
581 4136 771 4203 utebantur.
802 4137 897 4200 Altus
913 4159 1023 4200 rursus
1044 4136 1205 4224 (sonitum
1223 4134 1370 4219 edebant)

250 4258 334 4313 tauri
353 4250 441 4315 valde
460 4257 626 4336 tungrensis
636 4272 649 4329 ,·
675 4248 756 4313 ullas
777 4246 877 4312 leonis
902 4257 1008 4313 omnia
1025 4249 1189 4329 audenti&
1217 4248 1299 4313 alias
1321 4271 1368 4310 cu·
1446 4236 1447 4239 ¹
