2967 5209
474 498 507 546 ra
532 499 656 549 sustam
680 501 894 551 rmosoanu.
1181 470 1254 547 239

126 684 195 749 quo
224 668 266 727 ut
292 667 499 751 pervenires,
521 671 736 739 traiiciendus
756 684 828 737 erat
848 670 1008 738 Oceanus.
1032 666 1132 736 conf.
1159 665 1250 735 iufra

128 772 205 841 290.
227 774 303 840 292.
325 775 403 844 294.
447 776 650 870 Pomponius
671 782 923 869 Mela-11101X.
948 784 1003 851 93.
1042 781 1160 847 Contra
1180 803 1250 844 eos·

126 884 198 950 dem
230 885 422 978 (Aethiopes
450 891 634 984 Hesperios)
659 911 736 962 suut
756 896 879 962 insulae
905 894 1088 983 Gorgades,
1117 893 1246 972 domus,

123 1010 160 1063 ut
187 1006 295 1082 aiunt,
327 1001 499 1092 aliquando
527 1006 722 1096 Gorgadum.
768 1011 865 1098 Ιμαο
894 1014 1246 1096 rememorantem,

121 1118 176 1176 cut
196 1105 355 1202 Ἑσπέρου
377 1107 471 1205 alpos
493 1142 606 1185 nomeu
624 1134 691 1206 est,
701 1123 875 1211 finiuntur.
905 1118 1024 1188 Refert
1040 1119 1170 1186 Plinius
1185 1118 1244 1186 VI.

119 1227 177 1292 31.
196 1224 329 1307 eadem,
349 1228 442 1295 sede
464 1229 687 1321 Xenophonte
705 1236 940 1325 Lampsaceno,
959 1233 1085 1321 Peripli
1100 1241 1245 1308 auctore,

113 1337 261 1418 addens,
285 1361 337 1406 eas
354 1341 481 1409 insulas
496 1344 593 1412 bidui
613 1347 827 1436 navigatione
851 1369 871 1412 a
888 1347 1081 1412 continente
1101 1343 1244 1409 distare:

116 1461 251 1517 tumet
270 1450 352 1518 haec
370 1453 502 1521 adiicit:
525 1457 707 1524 Penstraoit
726 1468 761 1524 iu
782 1483 837 1524 aas
857 1460 975 1524 Hanno
995 1457 1174 1523 Poenorum
1188 1463 1245 1519 tm·

107 1578 266 1650 perator,
287 1565 493 1656 prodiditque
526 1568 612 1635 hirta
629 1570 831 1658 feminarum
863 1594 1019 1659 corpora,
1050 1569 1244 1658 mannaque

113 1676 302 1767 Gorgonum
322 1693 408 1745 cutes
426 1691 604 1770 argumenti
623 1697 655 1748 et
670 1684 814 1749 musculi
830 1692 940 1771 grotta
958 1692 992 1746 ia
1010 1682 1144 1745 Iunonis
1163 1691 1244 1745 τοπι-

105 1789 170 1877 plo
195 1799 325 1878 posuit,
356 1806 513 1880 spectatos
541 1795 703 1884 usquead
720 1794 946 1884 Carthaginem
965 1806 1101 1882 coptam.
1149 1792 1187 1856 V
1181 1792 1243 1856 ltra

110 1902 176 1966 luas
189 1911 285 1968 ettam
300 1903 382 1968 dene
400 1905 608 1992 Hesperidum
624 1906 746 1971 insulae
763 1920 947 1972 narrantur.
971 1907 1134 1994 Repetens
1149 1905 1240 1984 haec,

109 2014 252 2083 Solium
268 2039 296 2083 c.
320 2018 373 2083 56.
396 2018 486 2082 item'
506 2018 548 2082 ad
572 2029 742 2084 auctorem
765 2019 1025 2107 Xenophontem
1045 2019 1242 2105 Lampsace-

108 2151 200 2195 num
222 2127 343 2195 refert:
376 2129 562 2211 incusum,
585 2141 743 2197 annecte.
790 2131 987 2199 Tenendum
1009 2153 1053 2196 ex
1070 2129 1125 2194 his
1143 2130 1240 2195 dun-

108 2254 227 2322 taxat,
260 2240 361 2308 fuisse
388 2242 457 2308 iam
489 2244 692 2332 antiquitus,
717 2244 779 2331 qui
800 2243 997 2332 Gorgonum
1017 2241 1168 2309 fabulam
1198 2244 1241 2308 ad

108 2354 321 2445 Aethiopum
341 2355 579 2444 Hesperiorum
598 2357 667 2423 sive
687 2355 912 2424 Occidentalis
937 2352 1070 2423 Africae
1089 2365 1240 2421 monstra

107 2479 147 2534 et
165 2468 373 2535 Phoenicum
388 2469 430 2534 de
445 2469 488 2535 iis
506 2470 712 2536 narrationes
733 2467 910 2535 referrent.
940 2468 1025 2535 Nam
1040 2489 1146 2555 neque
1159 2466 1240 2533 haec

107 2602 244 2647 sumere
263 2580 422 2647 Hesiodus
441 2581 482 2648 ab
499 2579 677 2662 Hannone,
699 2582 759 2670 qui
775 2583 887 2648 multo
899 2580 968 2647 fuit
986 2603 1024 2646 eo
1037 2581 1163 2660 iunior,
1180 2602 1241 2668 po-

110 2693 181 2759 tuit
202 2706 236 2759 et
256 2693 404 2761 Gorillas
423 2694 542 2763 Hanno
562 2696 774 2775 memoravit,
797 2719 867 2761 non
883 2695 1063 2783 Gorgonas.
1094 2692 1158 2760 Sed
1171 2695 1240 2759 iam

107 2819 189 2895 ante
216 2808 399 2874 Hesiodum
427 2807 468 2898 (si
494 2807 691 2876 Strabonem
721 2809 749 2874 l.
779 2831 814 2897 p.
841 2810 894 2875 48.
914 2809 1045 2887 audias,
1066 2807 1136 2872 iam
1163 2818 1240 2871 ante

107 2921 195 2987 belli
225 2923 366 2987 Troiani
396 2928 560 3010 tempora)
588 2924 679 2988 ultra
698 2918 872 2987 columnas
893 2921 1047 2987 Herculis
1074 2919 1238 3007 progressi

106 3047 191 3101 sunt
221 3037 415 3116 Phoenices,
442 3039 597 3125 quitum
621 3037 795 3124 potuerint
816 3036 928 3101 eadem
952 3032 1059 3101 ferme
1076 3033 1128 3098 ibi
1150 3032 1239 3099 mira

106 3147 294 3229 observare,
313 3172 396 3238 quae
415 3150 551 3214 saeculis
571 3148 700 3233 aliquot
714 3158 789 3234 post
803 3145 933 3213 Hanno.
958 3145 1022 3211 Nec
1039 3167 1237 3234 repugnem,

106 3260 138 3328 si
161 3262 238 3349 quis
258 3272 399 3340 statuat,
423 3255 478 3328 rel
509 3251 676 3348 Γορῖλλων,
700 3260 755 3325 vel
775 3260 887 3324 simile
907 3282 1032 3326 nomen
1043 3257 1237 3338 barbarum,

107 3386 225 3441 ortum
244 3373 369 3440 dedisse
390 3373 515 3441 Graeco
535 3373 696 3439 vocabulo
718 3362 854 3461 I'opylo3
875 3394 1080 3460 quamquam
1101 3371 1235 3451 Graeci,

107 3490 180 3555 iam
202 3487 340 3554 Homeri
361 3499 394 3552 et
412 3489 545 3561 Hesiodi
565 3499 669 3554 aetate
686 3488 790 3553 dictas
809 3488 857 3553 ita
877 3488 1048 3553 Medusam
1063 3498 1096 3552 et
1109 3506 1237 3550 sorores

107 3612 308 3667 censuerunt
326 3599 371 3664 ob
387 3590 581 3688 ‘yop‘yo'rnua
602 3602 805 3690 agilitatem,
826 3624 896 3666 non
915 3601 1050 3689 pedum,
1067 3610 1108 3662 ut
1125 3596 1237 3665 voluit

109 3711 290 3781 Salmasius
320 3714 361 3779 ed
393 3712 549 3783 Solinum
577 3720 712 3805 pets.
739 3718 779 3785 A.
803 3718 852 3794 Β.,
874 3716 928 3781 sed
948 3716 1145 3789 oculorum,
1170 3731 1236 3796 qua

108 3838 274 3895 terrorem
302 3827 519 3894 incutiebant.
566 3830 665 3919 Apud
687 3830 873 3896 Homerum
894 3828 1031 3916 quidem
1059 3835 1107 3889 est
1126 3824 1168 3889 Il.
1192 3823 1235 3889 A.

110 3942 166 4008 96.
189 3931 303 4030 Γοργὼ
327 3930 603 4029 βλοσυρῶπις-
621 3932 716 4012 δεινὸν
734 3931 915 4032 δερκομένη.
940 3937 1039 4009 Conf.
1052 3939 1092 4005 ss.
1106 3938 1145 4005 E.
1158 3938 1234 4003 741.

111 4053 155 4122 Θ.
177 4054 255 4121 349.
277 4052 341 4121 Od.
365 4057 407 4124 Λ.
431 4058 519 4135 633,
542 4079 688 4143 quorum
702 4080 782 4123 cum
800 4055 969 4123 Hesiodeis
988 4053 1025 4118 ln
1037 4053 1062 4121 l.
1082 4064 1115 4117 et
1131 4052 1168 4116 in
1183 4049 1233 4117 Sc.

110 4190 143 4235 r.
162 4170 229 4237 223
247 4192 335 4257 seqq.
359 4191 534 4236 consensus
557 4168 635 4234 satis
659 4168 762 4235 etiam
782 4168 907 4256 arguit,
932 4163 1159 4252 antiquiorem
1180 4161 1236 4228 his

112 4283 217 4367 poetis
236 4280 386 4349 fabulam
408 4284 448 4349 de
470 4281 681 4368 Gorgonibus
704 4280 814 4346 fuisse.
1325 4258 1330 4267 ’
