2967 5209
481 512 512 558 ιιι
538 511 663 561 numni
685 511 900 569 mensorum.
1166 481 1263 569 ,Ἕω

134 679 241 767 (conf.
265 654 364 770 supra
383 681 441 749 dd.
466 682 507 749 ud
533 706 567 765 y.
594 684 701 772 m),
724 683 899 748 commode
919 705 1008 749 uxor
1030 683 1131 750 datur
1153 685 1263 752 Euru-

101 854 103 863 ,
134 799 212 878 bia,
235 799 302 865 late
319 809 446 887 ‚potens
468 810 609 873 naturae
629 799 690 867 vis.
736 797 815 865 Nati
838 798 893 862 his
919 798 1112 886 parentibus
1132 818 1263 867 memor-

134 922 258 981 rantur
282 914 451 992 Astraeus,
470 911 594 992 Pallas,
610 913 733 991 Perses,
758 932 904 999 quorum
917 912 1072 999 personis
1092 908 1185 978 varia
1202 913 1264 978 de·

136 1027 267 1093 clarari
276 1037 415 1095 natutae
430 1027 686 1115 phaenomena,
698 1027 828 1114 liquere
841 1036 936 1113 puto.
960 1023 1115 1093 Astraeus
1127 1025 1264 1112 quidem

133 1163 203 1227 quo
227 1140 408 1228 pertineat,
424 1151 457 1206 et
478 1158 603 1205 nomen
623 1138 752 1205 indicat
772 1150 816 1218 et,
839 1137 929 1226 quod
949 1159 1033 1202 mox
1046 1160 1080 1204 v.
1098 1138 1163 1203 378
1177 1158 1281 1229 seqq„

100 1286 111 1295 -
136 1251 275 1341 Hesperi
301 1263 335 1319 et
356 1251 498 1317 omnino
518 1250 696 1318 Astrorum
711 1262 807 1339 pater
824 1248 1033 1338 perhibetur.
1078 1249 1187 1316 Pallas
1205 1272 1266 1322 no·

135 1386 218 1430 men
246 1384 313 1461 esse
342 1363 477 1431 videtur
506 1363 566 1435 Dei
598 1342 725 1435 terrain
753 1361 951 1451 quassantis‚
982 1372 1023 1427 ut
1045 1348 1266 1451 Ἐνοσὶχθων,

137 1464 368 1565 'Erumpeba-
403 1476 517 1564 Itaque
535 1488 654 1565 potest,
673 1476 728 1543 vel
747 1496 930 1563 oognomen
945 1473 1034 1543 illud
1053 1495 1187 1562 quoque
1204 1497 1267 1547 an·

137 1588 282 1677 tiquitus
303 1588 452 1678 Neptuni
480 1587 599 1666 fuisse,
625 1588 681 1655 vel
709 1586 750 1654 in
776 1586 908 1653 Titanis
932 1597 1059 1652 terram
1082 1586 1266 1674 quassantis

137 1700 253 1765 locum
279 1710 391 1787 postea
422 1699 597 1789 Neptunus
625 1699 820 1766 successisse.
867 1698 1000 1776 Persae,
1025 1699 1086 1788 qui
1107 1694 1267 1787 Περσαῖος

136 1810 335 1895 dicituan
360 1813 418 1887 in,
437 1812 512 1880 Cer.
537 1814 613 1892 24..
646 1830 772 1879 nomen
795 1811 1017 1901 probabiliter
1043 1811 1150 1901 repeti
1173 1814 1266 1887 vela

136 1913 242 2012 πέρω,
263 1915 376 2011 πόρω,
400 1925 454 1993 vel
479 1948 497 1991 a
520 1912 623 2014 πέρθω
643 1924 770 2013 potest,
795 1935 828 1991 et
842 1938 982 2013 utraque
1000 1925 1132 1991 ratione
1145 1925 1266 2014 proba·

115 2035 256 2103 rbiliter
279 2034 402 2102 referri
421 2037 463 2101 ad
486 2035 615 2117 Solem,
638 2037 707 2103 sive
723 2036 827 2103 huius
842 2060 902 2126 per
914 2039 1050 2116 ,coelum
1073 2037 1114 2104 ab
1129 2050 1208 2104 ortu
1225 2039 1267 2105 ad

99 2196 108 2211 ,
137 2170 291 2215 occasum
311 2148 472 2214 transitus
491 2148 670 2229 indicetur,
690 2171 747 2215 seu
769 2149 944 2237 perdentia
960 2116 1206 2230 ssminmtela,
1228 2163 1268 2219 nt
1378 2199 1384 2209 .

138 2261 185 2327 sit
206 2253 335 2348 Πέρσης
354 2261 446 2326 idem
469 2257 555 2340 fere,
575 2264 664 2350 quod
688 2253 871 2327 Ἀπόλλων.
917 2262 1033 2350 Itaque
1045 2261 1148 2328 huius
1169 2264 1268 2351 longe

137 2374 317 2441 iaculantis
348 2375 411 2441 Dei
440 2361 613 2461 (Ἑκάτου)
644 2374 820 2443 commode
852 2375 924 2441 filia
951 2374 1125 2463 perhiberi
1156 2375 1269 2464 potuit

138 2472 266 2566 Ἑκάτη
296 2483 400 2576 (infra
424 2483 598 2575 v.1411.).
644 2487 734 2557 Tum
763 2489 801 2554 in
823 2486 953 2567 Solem,
978 2478 1013 2557 ds
1035 2475 1144 2565 cdiv?
1158 2474 1268 2575 ἐφορᾷ

138 2591 197 2665 καὶ
215 2586 316 2665 πάντ’
334 2585 488 2665 ἐπακούει
510 2599 593 2666 benc
612 2601 788 2680 convenit,
814 2602 904 2687 quod
922 2601 979 2666 hle
1006 2599 1051 2691 (v.
1075 2599 1166 2688 377.)
1185 2601 1268 2667 dici·

138 2725 199 2779 tur
215 2715 257 2780 de
273 2710 385 2789 Persa,
410 2726 587 2803 superante
610 2717 666 2782 vel
689 2737 805 2783 omnes
822 2715 983 2782 scientia.¹
1017 2715 1111 2781 Patet
1133 2702 1266 2794 tamen,

138 2827 311 2895 diversum
340 2826 382 2892 ab
408 2824 485 2893 Sole
510 2827 629 2893 Persen
658 2825 766 2894 facere
785 2826 984 2907 Hesiodum,
1006 2850 1082 2907 seu,
1111 2829 1201 2914 quod
1220 2829 1269 2893 ita

139 2938 270 3029 placuit
290 2941 425 3027 poitae,
447 2961 519 3018 seu,
542 2939 632 3026 quod
651 2938 755 3004 huius
775 2918 1001 3028 antiquissimi
1019 2940 1149 3005 Titanis
1167 2952 1269 3006 natu·

140 3074 217 3119 ram
236 3074 306 3118 non
326 3051 392 3117 nisi
411 3050 584 3117 obscurius
604 3050 725 3116 habuit
743 3051 923 3139 cognitam.
970 3053 1025 3118 Ex
1038 3051 1215 3127 Homerico
1225 3052 1266 3120 H.

140 3164 181 3232 in
200 3164 302 3232 Mero.
319 3165 346 3231 l.
361 3187 390 3229 c.
405 3162 476 3229 fere
490 3164 638 3251 colligas,
654 3161 735 3230 Cric
750 3184 934 3251 cognomen
948 3162 1049 3231 fuisse
1058 3165 1267 3254 Megatnedis,

140 3298 222 3342 cnm
248 3275 294 3342 sit
318 3275 367 3344 ibi
393 3275 556 3343 Pallantis
585 3277 864 3365 patronymicum
894 3265 1160 3366 Μεγαμηδεὶὃης.
1206 3278 1269 3349 Sed
1354 3262 1360 3273 ’

139 3399 251 3478 potest
272 3389 374 3455 etiam
396 3388 433 3455 in
456 3386 559 3454 huius
580 3400 675 3478 patre
699 3388 868 3456 variatum
889 3388 1003 3457 fuisse.

186 3635 244 3683 vv.
265 3614 451 3681 ata-382.
487 3614 540 3681 Ab
561 3614 691 3687 Aurora
710 3604 835 3706 (inane)
854 3572 1041 3707 surgentes,
1067 3619 1137 3687 sive
1154 3632 1270 3688 ortum

141 3724 320 3805 habentes,
354 3726 448 3792 venti
476 3727 631 3815 mythico
651 3749 807 3795 sermone
821 3728 978 3797 Aurorae
999 3730 1268 3815 filiidicuntur3

142 3860 205 3905 nec
226 3837 397 3904 difficilem
414 3839 678 3927 explicationem
701 3840 821 3922 habet,
840 3842 1008 3928 quomodo
1027 3844 1209 3911 eorundem
1229 3846 1271 3912 ab

145 3956 323 4022 nasorum
348 3956 504 4044 potentie
537 3979 595 4022 seu
623 3960 765 4053 numine
789 3961 944 4037 Astraeo,
969 3969 1129 4047 tanquam
1156 3974 1269 4050 patre,

144 4069 239 4157 origo
265 4079 447 4157 repetatur.
493 4068 571 4135 Nati
599 4081 712 4137 autern
733 4094 778 4138 ex
807 4072 941 4138 Astraeo
953 4082 998 4166 ‘et
1019 4072 1149 4139 Aurora
1168 4074 1272 4143 Venti

146 4183 287 4250 Hesiodo
305 4205 338 4250 v.
359 4186 425 4252 379
440 4205 506 4270 seq.
529 4198 745 4271 recensentur
764 4197 830 4251 tres
852 4182 955 4273 (conf.
973 4184 1047 4255 VV.
1072 4186 1191 4276 Leott.)
1212 4190 1271 4259 Ze·

146 4296 297 4385 phyrus,
331 4295 439 4361 dictus
468 4296 635 4384 Argestes,
666 4298 753 4384 quod
787 4297 939 4385 discussis
971 4297 1118 4366 nubibus
1141 4303 1271 4375 coelunt
