2967 5209
479 502 510 548 rr
537 501 663 549 nrsroor
686 500 903 549 rrsoeosnu.
1184 472 1258 546 219

123 678 161 744 h.
178 697 210 742 v.
224 674 327 740 secuti
343 674 380 740 id
399 675 436 741 L.
458 675 628 755 Rurlueus,
653 675 832 753 Graevius,
857 674 937 754 elii,
962 673 1256 762 vertendopoenos

122 803 290 855 sumentes.
351 787 478 857 Contra
507 788 621 856 Schol.
653 790 768 855 Trinc.
797 789 838 854 ad
867 811 899 854 v.
932 768 1010 857 207.
1041 784 1147 853 diotos
1179 786 1256 852 vult

121 895 272 973 Τιτᾶνας
297 889 366 967 ιἰτὺ
391 900 450 966 τοῦ
475 893 607 987 μέλλειν
631 892 752 974 αὐτοὺς
776 892 929 989 τιμωρίαν
952 891 1063 979 τίνειν,
1085 922 1260 988 quaesen-

123 1015 230 1082 tentia
248 1011 319 1078 fuit
336 1015 439 1079 etiam
459 1016 632 1083 Plutsmhi
650 1016 691 1081 de
699 1015 864 1083 Carnium
876 1015 943 1081 Esu
961 1013 1000 1080 L.
1013 1017 1043 1081 1.
1058 1013 1118 1079 fin.
1132 1036 1167 1101 p.
1182 1013 1258 1079 996.

125 1128 167 1196 C.
211 1126 371 1214 Sequitur
401 1128 439 1192 in
468 1130 584 1194 eodem
614 1127 751 1195 Scholio
782 1117 801 1212 ἢ
830 1117 900 1194 oiri
929 1125 988 1192 τοῦ
1019 1113 1170 1191 τιταίνειν
1199 1118 1261 1201 τὴν

124 1229 247 1330 ψυχὴν
271 1230 409 1322 emron,
433 1229 453 1308 ‘d
474 1228 548 1307 ἔστι
567 1231 750 1328 βλάπτειν.
774 1233 914 1312 Τιτᾶνες
928 1230 999 1329 γὰρ
1023 1232 1053 1305 o‘
1072 1226 1183 1306 ἷίδιιιοι
1204 1229 1261 1303 ιιι)

124 1342 305 1441 βλαβεροί.
351 1351 542 1420 Secundum
570 1377 653 1443 quae
673 1354 781 1420 ferme
804 1352 1021 1422 Membrltius
1051 1360 1188 1416 intentos
1217 1351 1264 1416 ud

120 1474 264 1554 pessima
283 1467 450 1547 reddidit,
475 1467 668 1534 basileensis
687 1468 856 1557 Interpres
871 1479 905 1533 et
926 1467 1008 1533 hinc
1022 1466 1083 1533 alii
1101 1477 1259 1554 nocentes,

128 1591 165 1645 at
182 1578 339 1645 Krebsius
347 1578 563 1668 festinantes,
586 1581 647 1669 qui
665 1593 780 1646 tamen
795 1578 931 1646 dubitat
942 1579 983 1644 de
1002 1568 1275 1646 veriore‘intor·'

127 1690 318 1779 pretatione
345 1711 364 1754 e
390 1712 424 1757 v.
462 1692 525 1757 178
558 1692 712 1779 petenda.
770 1690 872 1757 Petiit
902 1690 981 1756 inde
1005 1712 1075 1756 non
1103 1687 1261 1755 dubitans

127 1801 298 1889 Guyetus,
330 1812 502 1890 exstetque
519 1802 583 1869 illa
603 1804 673 1868 ism
696 1802 786 1891 apud
811 1803 1050 1881 Eustuthium,
1073 1803 1190 1889 Etym.
1212 1800 1259 1867 Μ.

126 1926 162 1980 et
188 1913 382 1983 Gudianum
401 1916 442 1982 ll.
460 1940 507 1983 ce.
542 1915 688 2005 Cognata
709 1928 791 1983 sunt
811 1908 895 1998 τέω,
918 1908 1024 1995 reiro,
1048 1915 1152 1993 tendo,
1176 1900 1261 1993 τιίω,

127 2015 253 2108 sarde,
276 2016 421 2110 τιτιιίνω,
442 2029 537 2095 cuius
557 2029 720 2118 postremi
739 2027 836 2093 verbi
857 2027 1057 2116 significatio
1074 2026 1177 2093 dubia
1196 2046 1263 2093 esse

127 2140 248 2226 nequit
274 2139 525 2209 conferentibus
548 2142 688 2207 Homeri
716 2140 759 2208 11.
788 2140 824 2207 B.
837 2120 920 2209 990.
948 2140 992 2209 Θ·
1017 2141 1095 2206 266.
1116 2140 1159 2205 Λ,
1184 2141 1259 2205 379.

129 2252 178 2319 Μ.
210 2256 263 2321 ss.
293 2254 334 2321 N.
365 2255 442 2322 534.
466 2234 542 2321 ior
573 2255 616 2322 r.
642 2257 717 2322 sos.
751 2255 886 2322 neiron
906 2252 957 2319 so.
978 2254 1056 2323 νιν.
1104 2250 1261 2319 ceterum

127 2388 207 2432 vera
227 2367 378 2433 nominis
399 2358 507 2434 Terbe
527 2369 733 2456 etymologia
755 2391 815 2433 nos
837 2368 930 2433 latet.

174 2616 209 2659 v.
234 2593 311 2656 210.
336 2586 404 2657 τοίο
427 2580 456 2660 δ’
477 2583 596 2659 ἔπειτα
618 2584 703 2658 τίσιν
724 2580 925 2679 μετόπισθεν
946 2579 1095 2681 ἔσεσθαι)
1122 2591 1262 2657 Titani-

126 2705 191 2771 bus
208 2705 249 2772 in
270 2705 451 2771 Tmolum
473 2705 616 2772 detrusis
634 2705 677 2771 ab
700 2705 793 2785 Iove,
816 2704 909 2772 infre
931 2724 963 2772 v.
986 2706 1051 2771 728
1073 2727 1160 2792 seqq.
1244 2715 1247 2723 '

175 2952 232 3000 vv.
262 2928 440 2997 211-232
465 2931 552 2997 alius
582 2953 648 2996 esse
670 2932 832 3019 rhapsodi
857 2929 1040 2996 arbitratus
1072 2940 1121 2996 est
1142 2929 1263 2995 Thier·

127 3042 242 3109 sobius
270 3043 312 3109 de
340 3043 481 3111 Hesiodo
510 3066 545 3132 p.
571 3044 627 3109 24.
674 3041 737 3108 Sed
763 3043 805 3108 ab
830 3042 972 3108 Hesiodo
997 3042 1180 3107 memorari
1208 3042 1264 3106 bio

127 3156 248 3222 debuit
267 3156 380 3223 Noctis
399 3156 574 3245 progenies
598 3156 783 3221 seeundum
802 3155 972 3234 ordinem,
992 3175 1093 3241 quem
1112 3152 1177 3219 sibi
1194 3153 1265 3242 ipse

127 3269 387 3358 praescripserat
403 3290 522 3358 supra,
546 3268 695 3354 versibus
719 3271 784 3334 106
807 3253 895 3355 seq.⁰
916 3268 1029 3355 Neque
1049 3268 1263 3335 offensionem

128 3381 240 3448 faeere
254 3382 361 3461 debet,
376 3384 465 3469 quod
486 3382 686 3449 disiunctim
706 3383 820 3450 Noctis
832 3383 942 3471 proles
957 3388 1177 3461 memoratur,
1191 3382 1263 3471 pri·

127 3518 229 3561 mum
250 3518 285 3562 v.
307 3496 370 3562 124
384 3518 449 3582 seq.
462 3496 583 3561 deinde
600 3496 665 3561 boo
685 3496 770 3561 loeo.
799 3495 884 3563 Num
899 3494 1080 3583 prioribus,
1096 3519 1141 3561 ex
1155 3495 1264 3561 Erebo

128 3610 317 3698 conceptis,
340 3609 457 3674 liberis
478 3609 619 3676 Aetlreri
636 3632 672 3674 ao
689 3608 777 3688 Diei,
801 3609 893 3673 loeus
909 3607 980 3673 ism
992 3606 1121 3672 dandus
1141 3604 1209 3670 fuit
1226 3605 1264 3668 in

129 3722 368 3811 Cosmogonia,
390 3743 473 3808 quos
494 3733 606 3786 sutem
631 3721 708 3787 Nox
734 3722 805 3786 sola
829 3741 872 3784 ex
892 3741 926 3784 se
950 3718 1099 3806 genuisse
1117 3717 1262 3792 dicitur,

127 3835 179 3914 hi,
194 3855 342 3922 quorum
357 3832 525 3921 plerisque
538 3856 606 3898 non
623 3834 795 3899 nisiinter
808 3831 963 3897 homines
977 3830 1046 3897 iam
1063 3841 1158 3895 natos
1173 3831 1266 3915 locus

128 3944 346 4032 essefpotuit,
370 3942 511 4009 omnino
533 3944 639 4009 serius
660 3957 758 4011 erent
778 3944 1001 4013 memorandi.

173 4058 288 4124 Noctis
313 4056 507 4145 progeniem
531 4038 756 4144 Apollodorus
787 4057 913 4124 omisit.
961 4056 1060 4145 Apud
1088 4056 1262 4144 Hyginum

127 4175 165 4238 in
183 4169 293 4237 Praef.
321 4194 356 4258 p.
379 4175 411 4236 7.
434 4171 533 4236 dense
559 4184 768 4237 memoratur
792 4181 825 4235 et
842 4171 880 4235 in
908 4170 970 4235 hec
990 4171 1128 4248 Fatum,
1153 4169 1261 4246 Mors,

130 4284 290 4363 Lesbum,
317 4281 470 4362 Somnus,
494 4282 642 4363 Somnia,
666 4284 867 4364 Feruentis,
895 4282 1262 4373 Miserie,.Hesperides,
1297 4370 1300 4377 ,
