2967 5209
227 437 297 511 140
668 465 909 513 couneurrnvs

223 619 418 715 ἐδίδαξαν
450 623 603 716 ν’νονδην·
639 628 696 701 κον)
729 625 815 700 οὕτω
843 625 1008 725 σχέτλιον
1035 616 1069 717 ἦν
1094 628 1150 702 set
1172 626 1355 725 ὑβρνττηο.

223 732 304 810 ὥστ’
335 734 408 813 οὐδε
440 746 605 841 τοσοῦτον
629 735 782 835 ἐνέμεινεν
811 735 984 814 ἐκτελέσαι
1016 738 1055 813 το
1088 742 1253 836 τροοὶμνον
1276 744 1356 821 τοῖς

134 936 140 963 .
225 840 319 930 θἐοοῖο·
350 848 444 926 ἄλλον
468 853 597 952 λέγων,
633 851 684 928 ὅτι
712 857 942 933 eruorem
973 858 1155 947 ὑμνοῦσι
1186 854 1354 928 vesum

223 965 281 1038 uui
313 966 433 1052 Λητῶ
468 970 499 1040 τ’
532 965 723 1045 Ἰάτετόν
757 993 800 1039 τε
828 963 901 1056 side
931 967 1071 1064 Κρόνον
1101 965 1356 1066 ἀγκυλομή-

223 1105 321 1168 την,
345 1071 418 1153 εἶτον
445 1083 481 1152 οὐ
504 1082 669 1178 καρτερεῖ,
692 1078 773 1165 ἀλλ’
798 1081 912 1179 calyce
936 1079 1113 1175 μετοοξὸ
1143 1083 1223 1155 τῶν
1245 1077 1355 1156 θεῶν

223 1193 299 1264 τῶν
333 1188 548 1284 ὀνομάτων
584 1195 687 1287 φησὶν
720 1189 770 1268 At
802 1197 843 1267 νύ
873 1189 957 1268 ποθ’
993 1189 1187 1269 Ἡσίοδον
1220 1192 1356 1282 suabe

222 1301 424 1397 ἐδίδαξαν
446 1303 597 1397 ἰεοοδην·
621 1308 676 1398 ὡς,
697 1307 724 1380 εἰ
746 1309 793 1402 μη
815 1309 871 1381 uu.)
895 1314 995 1382 τοῦτο
1019 1304 1105 1399 δόξει
1128 1311 1191 1383 τῶν
1209 1310 1356 1383 Moerus

222 1420 316 1517 ἔργον
350 1412 449 1510 eires,
483 1417 591 1517 ὥττερ
624 1421 702 1501 τοὺς
738 1417 827 1501 θεοὺς
861 1417 968 1514 ᾅδειν,
1000 1417 1086 1494 οὕτω
1119 1421 1175 1495 κον)
1202 1417 1355 1495 Ἡσίοδον

222 1530 356 1621 τονητην
377 1529 651 1631 νὀτεργοὲτοιτθοο,
673 1534 788 1631 μοῖραν
807 1532 882 1610 τινὰ
904 1535 1019 1614 αὐτοῖς
1040 1531 1270 1629 ἀπολλυμένην
1292 1534 1355 1622 τῆς

222 1644 396 1739 εὐφημίαν.
419 1657 475 1721 Ex
488 1678 554 1742 quo
574 1656 648 1721 loco
670 1655 882 1723 Muetzellius
903 1678 937 1743 p.
958 1659 1035 1722 371.
1050 1653 1133 1721 effici
1147 1676 1238 1744 posse
1253 1666 1355 1743 putat

222 1788 358 1834 versum
381 1769 422 1834 19
443 1767 568 1833 ultimo
584 1768 657 1833 loco
677 1764 780 1833 fuisse
799 1768 839 1835 in
857 1767 1005 1834 Deorum
1030 1766 1187 1855 Catalogo
1208 1768 1353 1835 colloca·

223 1891 312 1946 tum.
333 1880 418 1946 Puto
437 1881 601 1969 equidem,
615 1880 798 1947 Aristidem
819 1903 837 1946 e
856 1881 976 1946 multis
994 1880 1154 1959 versibus,
1172 1881 1211 1946 in
1230 1880 1354 1967 quibus

222 1992 303 2059 inde
325 1992 368 2058 ab
386 1993 564 2059 undecimo
582 1995 730 2059 Deorum
749 2005 845 2061 erant
866 1993 1023 2074 nomina,
1046 2015 1125 2058 eum
1141 1992 1269 2073 citasse,
1291 1993 1353 2082 qui

223 2106 356 2195 primus
380 2105 451 2173 eius
471 2106 655 2173 memoriae
668 2128 702 2172 se
721 2106 864 2174 offerret.

268 2330 321 2398 Ad
346 2354 378 2397 v.
406 2333 443 2394 11
466 2342 500 2396 et
518 2354 605 2419 seqq.
627 2332 807 2420 respexisse
830 2332 939 2398 rideri
957 2344 1065 2422 potest
1087 2332 1256 2401 Cornutus
1272 2334 1351 2413 l.c.,

224 2442 284 2509 ubi
305 2444 346 2509 de
368 2442 472 2509 Musis
494 2443 543 2509 ait
564 2434 638 2530 τερ)
662 2433 728 2508 τῶν
753 2430 829 2510 θεῶν
852 2431 974 2530 ἶν’μνοοο
992 2479 1023 2490 -
1053 2443 1354 2537 νοντοοτχολοῦντοιο

224 2545 392 2644 μάλιστα.

269 2671 310 2736 ln
331 2660 465 2734 ντότννοον
482 2657 583 2758 Ἥρην
604 2669 794 2757 neglectum
813 2670 982 2760 digamma
1003 2673 1226 2763 suspicionem
1247 2672 1354 2736 inter-

223 2781 405 2875 polationis
435 2803 569 2847 movere
594 2782 713 2870 possit,
752 2806 859 2870 neque
883 2795 1016 2867 tamen,
1044 2797 1091 2861 ut⁴
1106 2785 1248 2875 opinor,
1275 2783 1356 2848 satis

225 2897 384 2965 validam.
412 2892 511 2964 Conf.
540 2893 633 2961 infra
657 2897 732 2962 314.
758 2897 833 2963 454.
949 2896 958 2915 '

270 3149 327 3194 vv.
345 3126 397 3191 16.
423 3126 475 3191 17.
504 3122 598 3191 citat
616 3122 816 3190 Plutarchus
836 3124 944 3195 conv.
966 3125 1100 3215 Quaest.
1118 3126 1177 3193 IX.
1196 3126 1249 3191 16.
1273 3127 1303 3212 §.
1320 3124 1352 3189 2.

225 3237 287 3304 ubi
309 3236 462 3316 librarii,
483 3249 523 3301 ut
543 3236 692 3317 videtur,
721 3262 834 3305 errore
856 3225 938 3325 ἥβην
959 3239 1096 3305 transiit
1115 3239 1155 3305 in
1171 3225 1256 3326 iiW·
1288 3236 1355 3303 He-
1477 3240 1478 3311 i

226 3351 308 3437 ben„
343 3350 495 3416 Herculis
520 3350 611 3416 inter
643 3352 728 3445 Deos
755 3353 882 3442 recepti
909 3374 1073 3431 uxorem,
1106 3352 1246 3441 dignam
1276 3350 1356 3417 inde

227 3463 349 3532 habuit
362 3465 475 3553 poeta,
501 3487 585 3551 quae
602 3488 621 3529 a
640 3463 744 3531 Musis
759 3466 849 3530 inter
867 3465 1008 3531 Maiores
1021 3467 1106 3533 Deos
1119 3465 1353 3532 celebraretur.

166 3608 174 3618 s
226 3578 285 3644 Fit
312 3576 459 3642 eiusdem
481 3574 636 3666 frequens
658 3588 691 3644 et
712 3580 890 3668 magnifica
911 3582 1041 3646 mentio
1065 3583 1153 3670 apud
1172 3581 1355 3649 Pindarum

227 3691 324 3759 Nem.
349 3692 376 3758 I.
399 3692 463 3756 110
483 3714 568 3779 seqq.
591 3693 667 3761 VII.
691 3695 722 3758 6.
743 3694 786 3759 Χ.
811 3697 853 3761 32
873 3717 958 3782 seqq.
983 3696 1102 3763 Isthm.
1117 3696 1175 3764 IV.
1191 3696 1254 3762 102
1266 3716 1353 3782 seqq.

229 3805 334 3872 Hebes
359 3805 447 3894 apud
470 3805 633 3872 Phliasios
661 3810 830 3895 templum
858 3821 891 3876 et
919 3833 1087 3877 summam
1107 3810 1354 3879 venerationem

228 3930 395 3987 memorat
419 3918 555 3985 Pausan.
574 3917 626 3991 H.
653 3923 704 3988 13.
730 3920 883 3989 Herculis
912 3935 946 3988 et
962 3922 1068 3990 Hebes
1095 3945 1187 3989 aram
1215 3920 1357 3989 Athenis

229 4031 321 4097 idem
345 4031 371 4098 I.
400 4033 453 4098 194
583 4038 586 4045 ’
1037 4054 1042 4059 ’

275 4143 423 4223 Dionen,
459 4167 561 4233 quam
586 4146 750 4214 Homerus
783 4159 928 4216 matrem
952 4172 995 4216 ex
1014 4149 1092 4216 Iove
1114 4148 1254 4215 Veneris
1275 4145 1356 4213 facit

230 4257 272 4326 ΙΙ.
291 4259 330 4325 Ε.
352 4261 417 4325 370
440 4281 503 4348 seq.
525 4259 598 4340 42⁸,
615 4260 718 4327 talem
738 4259 909 4349 ignoravit
928 4262 1102 4342 Hesiodus,
1120 4262 1221 4329 aliam
1233 4260 1356 4329 Veneri
