2967 5209
218 509 290 585 392
660 536 901 586 commeans

215 728 291 794 ceps
309 703 464 793 Scyrum,
485 705 639 787 Lesbum,
650 705 803 773 Troiam.
836 706 945 791 Certe,
967 728 1045 772 eum
1063 703 1172 772 simili
1184 706 1225 771 de
1243 727 1341 772 causa

217 819 376 895 Theseus,
407 820 513 906 Aegeo
545 830 640 907 patre
668 830 785 898 natus,
818 819 972 907 mythico
993 840 1143 883 sermone
1164 818 1273 883 dictus
1295 817 1342 883 sit

214 931 363 1020 Neptuni
392 931 501 1012 filius,
529 934 642 1021 potuit
667 933 770 999 etiam
791 932 960 1012 Achilles,
979 931 1133 1019 quamvis
1152 932 1339 1020 Polymela,

215 1044 345 1143 Actoris
368 1043 625 1133 Myrmidonum
639 1044 726 1132 regis
745 1043 817 1110 filia
836 1042 927 1134 (vid.
939 1043 1092 1110 Eustath.
1105 1044 1146 1108 ad
1160 1043 1202 1110 11.
1214 1067 1249 1132 p.
1261 1046 1341 1113 321.

216 1155 276 1244 4.),
300 1157 407 1225 aliave
425 1168 534 1221 matre
552 1168 666 1236 natus,
693 1156 847 1222 Thetidis
865 1157 1013 1222 Nereidis
1034 1155 1127 1221 filius
1148 1156 1338 1244 perhiberi,

213 1269 334 1356 cupide
358 1267 598 1355 arripientibus
616 1268 780 1356 mythum
800 1268 893 1333 hunc
915 1268 1035 1357 poetis.
1067 1268 1229 1333 Pindarus
1242 1268 1339 1335 Nem.

214 1382 257 1448 V.
281 1383 332 1448 12.
363 1372 421 1447 Ἐν
449 1369 486 1448 dt
507 1371 622 1469 Κρόνου
646 1375 704 1446 καὶ
726 1373 820 1461 Ζννος
840 1370 939 1469 ἥρωος
959 1371 1145 1472 οέχμοοτοιο
1162 1371 1340 1468 Φυτευθέν-

214 1513 275 1565 τοο
303 1486 366 1558 Kal
386 1484 456 1560 airh
481 1489 631 1584 χρυσέων
651 1481 811 1581 Νηρηΐδων
834 1482 996 1566 Alaudae
1017 1483 1178 1583 ἐγέραιρεν.
1213 1494 1340 1561 Memo-

156 1661 158 1667 .
213 1618 309 1671 ratur
331 1608 457 1674 ibidem
478 1631 511 1674 v.
534 1609 576 1671 22
599 1630 685 1694 seqq.
709 1596 774 1691 βίον
793 1596 904 1673 Φώκου
928 1600 1070 1696 κρέοντος
1091 1601 1134 1674 ‘0
1161 1601 1225 1677 τοῖς
1248 1595 1341 1687 θεοῦ,

213 1708 247 1785 b
270 1708 450 1804 Ψομοὶθενο
468 1713 564 1784 Tiar’
586 1707 642 1784 ἔτ)
664 1709 797 1808 ῥηγμῖνι
821 1711 952 1787 πόντου.
1009 1720 1228 1809 congressum
1250 1743 1341 1817 ,eum

212 1827 350 1895 Nereide
372 1830 482 1897 invita
497 1829 709 1919 formamque
729 1833 804 1897 ideo
826 1844 980 1898 mutante
998 1835 1144 1899 Aeacum
1158 1833 1342 1921 Apollodo-

215 1963 273 2006 rus
294 1942 399 2009 tradit
409 1942 470 2009 lll.
487 1942 563 2009 XII.
583 1944 616 2009 6.
631 1949 650 2032 S
671 1947 736 2023 12,
756 1945 970 2011 dissentiente
981 1945 1131 2011 Amobio
1145 1932 1338 2032 IV.1'›.145.

213 2058 329 2123 Dictus
358 2058 484 2123 Phocus
511 2058 593 2123 hinc
624 2068 743 2124 iuvenis
765 2058 902 2123 Nereius
931 2059 1055 2126 Ovidio
1084 2059 1161 2127 Vll.
1192 2059 1239 2125 M.
1262 2060 1339 2126 685.

215 2169 459 2236 Interfeeerunt
479 2194 558 2237 eum
580 2173 695 2237 Peleus
712 2184 746 2237 et
757 2173 920 2237 Telamon
938 2172 1097 2238 Aeacidae
1114 2195 1157 2237 ex
1172 2173 1340 2250 Euele'ide,

215 2281 373 2349 Chironis
397 2284 480 2351 filia.
496 2285 574 2351 Vid.
590 2283 690 2351 Ovid.
710 2285 771 2350 xl.
791 2285 838 2351 M.
857 2288 922 2350 380
934 2307 999 2371 seq.
1019 2288 1178 2372 397seqq.
1201 2285 1339 2349 Pausan.

214 2394 256 2461 ll.
279 2396 332 2461 29.
357 2397 483 2461 Anton.
506 2394 636 2462 Libsf.
663 2399 719 2462 38.
767 2396 869 2460 Phoci
892 2401 1071 2482 rerumque
1091 2396 1162 2461 eius
1181 2397 1280 2460 nulla
1300 2394 1341 2460 fit

213 2508 302 2595 apud
323 2508 508 2573 Homerum
526 2507 664 2587 mentio,
687 2508 786 2585 Pelei,
803 2507 956 2572 Thetidis
975 2519 1009 2572 et
1025 2507 1170 2574 Achillis
1185 2505 1338 2594 frequen·

211 2620 350 2684 tissima.
381 2619 466 2685 Vide
495 2642 513 2683 e
537 2621 655 2685 multis
679 2621 761 2685 locis
788 2620 898 2685 11.st
922 2624 965 2687 59
980 2643 1078 2707 seqq,
1098 2620 1158 2685 ubi
1174 2620 1262 2685 luno
1280 2620 1338 2684 da·

211 2743 282 2795 tam
304 2731 345 2795 ab
366 2753 399 2796 se
421 2732 516 2796 Peleo
537 2732 713 2819 coniugem
736 2732 862 2796 Thetin
883 2733 977 2812 dicit,
1001 2732 1159 2798 omnibus
1175 2733 1249 2798 Diis
1263 2733 1339 2798 illas

213 2843 349 2930 nuptias
380 2842 634 2909 celebrantibus.
681 2843 811 2908 Harum
838 2855 952 2908 autem
978 2844 1177 2933 nuptiarum
1205 2844 1341 2909 uberior

213 2956 314 3020 etiam
335 2955 464 3021 mentio
485 2953 572 3019 facta
596 2953 707 3020 fuerat
726 2956 768 3020 ab
782 2955 922 3022 Hesiodo
938 2958 975 3021 in
988 2955 1164 3044 Catalogi8‚
1186 2980 1256 3022 non
1270 2957 1341 3023 sine

212 3068 367 3133 uberiore
395 3068 497 3133 etiam
536 3068 624 3133 Pelei
653 3092 770 3134 rerum
801 3080 835 3134 et
860 3071 989 3156 generis
1020 3071 1203 3137 mentione.
1241 3068 1341 3138 Conf.

213 3181 331 3246 Accius
359 3183 448 3269 apud
481 3179 634 3246 Gellium
658 3181 718 3248 III.
743 3184 796 3248 11.
818 3182 927 3246 Treta.
952 3182 992 3246 ad
1010 3182 1180 3269 Lycophr.
1203 3182 1241 3246 in
1260 3183 1341 3248 Pro·

211 3295 331 3380 legom.
351 3304 384 3357 et
405 3293 444 3358 ad
465 3316 497 3358 v.
519 3296 594 3360 178.
640 3294 811 3360 Achillem
832 3281 1001 3380 ῥηξήνορα,
1027 3282 1229 3377 θυμολέοντα
1248 3294 1342 3360 dixit

213 3406 315 3471 etiam
339 3404 437 3469 Hom.
463 3404 504 3470 ll.
528 3405 569 3470 H.
594 3407 669 3471 228.

257 3655 312 3699 vv.
337 3633 565 3701 1008-1010.
613 3632 640 3698 E
670 3631 799 3700 Venere
832 3642 866 3698 et
895 3632 1040 3700 Anchisa
1061 3643 1159 3697 natus
1192 3633 1230 3697 in
1266 3632 1340 3697 Idae
1390 3638 1391 3641 ’

212 3746 336 3811 montis
356 3745 478 3811 vertice
497 3745 632 3812 Aeneas.
671 3744 846 3812 Consentit
867 3745 1030 3811 Homerus
1050 3745 1092 3811 ll.
1106 3745 1142 3812 B.
1163 3748 1229 3811 819
1242 3768 1339 3831 seqq,
1473 3830 1475 3837 Ι

212 3859 343 3922 tradens
373 3857 509 3944 insuper
532 3857 573 3924 Il.
598 3858 637 3925 Ε.
668 3861 756 3936 313,
782 3856 897 3921 filium
919 3857 1011 3921 hunc
1031 3856 1196 3925 Anchisae
1216 3847 1341 3942 βουκο-

212 3963 318 4034 λέοντι
345 3970 508 4069 peperisse
532 3970 708 4038 Venerem.
757 3968 935 4057 Congressa
954 3971 1057 4035 etiam
1080 3970 1118 4034 in
1143 3980 1258 4035 monte
1282 3966 1364 4034 Ida'

175 4112 180 4119 Χ
211 4083 324 4148 Venus
353 4104 431 4147 cum
455 4082 600 4148 Anchisa
624 4082 662 4146 in
684 4081 787 4146 huius
816 4081 947 4148 stabulo
967 4083 1115 4148 traditur
1134 4082 1175 4147 H.
1198 4081 1236 4146 in
1254 4080 1338 4147 Ven.

213 4199 255 4259 75
272 4218 359 4282 seqq.
407 4168 540 4259 Dedisse
566 4205 678 4258 autem
707 4193 842 4258 videtur
861 4193 989 4260 Aeneae
1009 4194 1202 4283 pulcritudo
1223 4204 1338 4258 ortum

212 4309 344 4395 mytho,
367 4320 417 4373 tot
433 4307 552 4407 deinde
572 4305 766 4372 fabularum
784 4305 882 4373 fonti.
931 4307 1094 4373 Memorat
1116 4308 1340 4393 Apollodorus
1444 4389 1447 4395 1
