2967 5209
467 515 497 560 1n
523 515 647 562 nrsrom
672 516 886 564 rusosormu.
985 488 987 493 ’
1043 554 1046 559 .
1169 498 1239 570 195

109 683 172 772 qui
192 696 337 758 matrem
358 705 431 749 eam
460 683 562 752 faeiat
581 686 723 752 Asteries
746 697 781 755 et
800 686 933 752 Hecates
959 686 1024 754 Th.
1054 689 1129 756 tet.
1160 693 1235 759 400.

110 799 195 891 011.
230 797 374 863 Phoebes
413 798 525 886 aliquo
564 810 714 888 tempore
752 801 928 865 oraculum
962 798 1063 867 fuisse
1096 803 1236 893 Delphis
1265 781 1271 789 ¹

104 911 213 976 tradit
234 910 390 1000 Aeschyl.
414 914 557 979 Eumen.
584 918 616 977 5.
670 916 754 980 Eam
777 937 846 981 non
870 925 1036 980 memorat
1060 913 1233 982 Homerus

104 1012 214 1103 Τηθὺς
236 1025 334 1090 dieta*
351 1036 399 1090 est
426 1047 541 1091 rerum
563 1026 647 1091 alma
668 1038 786 1106 mater,
809 1050 865 1092 seu
885 1026 1030 1099 Naturae
1049 1028 1102 1095 ris
1121 1030 1236 1097 omnia
1300 1098 1301 1101 ,

103 1139 196 1203 alens
219 1161 256 1203 ao
280 1138 451 1218 nutriens,
477 1141 673 1228 praesertim
695 1142 840 1206 humore
868 1139 989 1207 fertili.
1034 1140 1137 1208 Dixit
1157 1144 1236 1210 inde

102 1249 203 1315 Hom.
234 1250 275 1317 Il.
305 1254 341 1317 Ξ.
374 1253 450 1319 201.
475 1243 628 1323 Ὠκεανὸν
651 1242 727 1320 θεῶν
747 1246 873 1343 γένεσιν
893 1245 950 1318 καὶ
972 1245 1099 1343 μητέρα
1118 1243 1233 1335 Τηθύν.

100 1360 216 1425 Fuisse
238 1351 349 1449 Kpbos
371 1366 506 1430 videtur
531 1367 620 1454 apud
640 1367 888 1453 antiquissimos
908 1365 1049 1433 Graecos
1071 1368 1235 1455 temporis

100 1485 137 1538 et
158 1475 239 1545 unni
261 1476 365 1556 Deus,
391 1474 478 1557 fere,
498 1490 538 1543 ut
557 1480 646 1566 apud
670 1479 808 1544 Latinos
830 1480 945 1558 lanus,
969 1480 1070 1545 ducto
1091 1480 1154 1555 Dei
1174 1504 1233 1547 uo.

101 1586 236 1651 minsa
266 1580 346 1675 κρόω
371 1589 535 1677 perficio,
552 1598 722 1677 provenire
736 1592 842 1678 farto.
891 1591 1042 1661 Cronum
1067 1590 1154 1658 loris
1173 1615 1232 1679 pe·

101 1708 193 1763 trem
212 1699 302 1767 stab
321 1725 359 1769 eo
379 1703 552 1790 privatum
571 1702 709 1780 honore,
733 1702 965 1789 deiectumque
980 1702 1019 1768 in
1036 1704 1229 1783 Turturum,

98 1820 172 1875 tam
192 1811 354 1880 Homerus
377 1815 539 1892 celebrat,
563 1838 665 1904 quarn
685 1815 856 1882 Hesiodus.
903 1815 1076 1883 Servatam
1102 1818 1159 1883 rel
1184 1818 1232 1885 sio

97 1927 249 2014 aliquam
278 1931 348 1997 eius
373 1934 434 1998 Dei
465 1934 503 1999 in
521 1932 660 1999 Graecia
684 1931 884 2019 religionem
905 1932 1024 1997 docent
1047 1943 1232 2001 memoratu

96 2041 188 2126 apud
211 2042 406 2113 Pausaniam
436 2045 495 2114 Vl.
529 2048 583 2111 20.
614 2067 669 2132 pr.
694 2024 812 2109 Croni·
827 2066 916 2108 sacra
933 2044 972 2109 in
990 2044 1098 2110 Elidis
1116 2054 1232 2113 monte

97 2149 236 2217 Cronio‘
253 2155 279 2221 1.
304 2158 375 2237 18„
401 2156 572 2244 Cronique
594 2157 765 2244 templum
790 2154 942 2222 Athenis.

142 2265 263 2333 Verbis
285 2254 468 2338 δεινότατος
492 2256 614 2333 παίδων
639 2256 670 2333 0.
694 2255 724 2333 i’
750 2253 831 2357 ἦχθ.
857 2260 964 2344 τοκῆα
985 2271 1231 2356 v.138.prue·

94 2398 259 2464 paramur
281 2381 388 2460 adea,
413 2403 498 2468 quae
522 2379 657 2469 plenius
681 2390 865 2444 narrantur
885 2379 977 2445 infra
1000 2403 1032 2447 r.
1057 2381 1121 2449 154
1140 2402 1227 2468 seqq.

95 2477 228 2575 θαλερδν
251 2490 291 2555 ad
308 2490 381 2557 vim
401 2491 581 2579 generandi
599 2490 699 2571 refer,
723 2513 789 2578 qua
809 2503 942 2580 patrem
959 2492 1156 2557 abutentem*
1169 2513 1230 2558 nec
1271 2534 1275 2543 ι

93 2602 201 2668 matri
228 2614 361 2692 tempus
386 2604 541 2693 pariendi
567 2605 670 2693 inque
693 2604 806 2670 luoem
827 2603 945 2673 edendi
972 2604 1096 2675 liberos
1115 2600 1231 2677 111001-

93 2725 233 2801 gentem
253 2715 329 2781 odio
352 2716 613 2805 prosequebatur
636 2715 777 2783 Cronus.

137 2960 194 3004 vv.
222 2941 395 3006 133-137
416 2941 553 3029 respicit
567 2940 722 3034 Clemens
738 2943 909 3011 Romanus
927 2942 1102 3028 Recognit,
1121 2942 1227 3009 intor-

91 3062 187 3138 prete
218 3051 343 3117 Rufino
370 3055 413 3122 X.
439 3059 494 3120 31.
518 3055 557 3121 Τ.
580 3055 623 3120 ΙΙ.
648 3078 685 3141 p.
713 3057 790 3120 320.
821 3056 882 3121 Ed.
911 3053 1001 3121 Gall.
1023 3066 1098 3140 poet
1123 3052 1229 3123 Chaos

90 3148 278 3253 (Hesiodus)
308 3175 416 3231 statim
439 3166 566 3231 Caelum
585 3168 693 3231 dicens
709 3168 841 3255 factum
862 3190 930 3231 esse
959 3180 990 3235 ec
1013 3167 1163 3245 Terram,
1187 3190 1230 3233 ex
1362 3216 1363 3219 ,

16 3334 17 3337 ,
91 3276 206 3365 quihus
226 3285 273 3341 ait
291 3287 477 3367 progenitos
498 3278 569 3343 illos
596 3279 758 3362 undecim,
780 3302 859 3368 qnos
880 3279 1036 3344 interdum
1057 3292 1089 3344 et
1108 3278 1229 3347 duede-

91 3397 154 3454 cim
175 3389 271 3472 dicit,
300 3398 333 3453 in
356 3391 468 3480 quibus
488 3415 547 3455 ser
570 3414 693 3472 mares,
719 3397 856 3482 quinque
871 3392 1019 3481 feminas
1032 3401 1148 3481 pontu
1168 3416 1228 3461 no-

91 3510 181 3566 mina
201 3515 306 3566 autem
323 3502 379 3566 dat
401 3503 558 3584 maribus,
588 3503 746 3583 Oceanus,
766 3503 886 3584 Coeus,
912 3503 1022 3586 Crius,
1043 3503 1225 3593 Hyperion,

91 3614 240 3702 Iapetus,
262 3612 398 3693 Cronus,
423 3624 477 3704 qui
499 3628 531 3680 et
550 3616 726 3697 Saturnns3
751 3624 824 3681 item
836 3617 986 3705 seminis,
1015 3616 1108 3698 Tun,
1125 3616 1227 3695 lilaea,

16 3814 17 3819 ἵ
94 3728 242 3809 Themis,
265 3728 494 3812 Mnemosyne,
523 3728 652 3812 Tethys.
712 3727 897 3795 Omittitur
927 3728 966 3799 in
995 3725 1059 3791 hoo
1087 3748 1224 3797 recensu

92 3839 237 3920 Phoebe,
260 3853 299 3905 ut
316 3841 399 3907 item
414 3840 503 3928 apud
517 3839 720 3906 referentem
738 3840 851 3905 eadem
872 3840 1083 3911 Clementem
1095 3839 1223 3909 Hamil.

91 3952 151 4019 Vl.
172 3957 205 4021 2.
233 3977 268 4043 p.
291 3956 367 4020 677.
406 3953 470 4020 Sed
491 3965 662 4041 comparet
680 3975 717 4018 ea
740 3974 817 4016 oum
833 3950 949 4021 ceteris
968 3950 1058 4038 apard
1078 3950 1222 4027 eundem

16 4084 17 4099 ¹
92 4044 165 4132 loeo
188 4068 296 4133 simili
315 4067 488 4155 Recognit.
508 4067 550 4133 X.
570 4089 599 4132 0.
623 4070 676 4133 31.
695 4090 728 4155 p.
757 4066 833 4131 320.
854 4063 915 4131 ubi
938 4085 996 4133 sex
1014 4085 1138 4142 mares,
1167 4075 1222 4130 to-

91 4178 262 4266 tidemque
282 4178 427 4245 feminae
448 4190 690 4244 memorantur.
714 4180 859 4246 Exstant
877 4176 1001 4263 integri
1018 4197 1131 4241 versus
1144 4178 1218 4257 134,
1338 4239 1341 4245 ,

95 4291 156 4356 135
180 4294 269 4381 apud
286 4292 555 4382 Cyrillumadr.
574 4292 697 4358 Iulian.
717 4291 761 4358 11.
784 4314 818 4380 p.
838 4293 891 4357 53.
916 4289 954 4361 C.
970 4301 1077 4399 cetera
1090 4312 1220 4379 quoque

16 4394 17 4407 ¹
1005 4398 1080 4472 13*
1114 4410 1129 4432 “
